%YAML 1.1
%TAG !u! tag:unity3d.com,2011:
--- !u!1 &1636342941969624237
GameObject:
  m_ObjectHideFlags: 0
  m_CorrespondingSourceObject: {fileID: 0}
  m_PrefabInstance: {fileID: 0}
  m_PrefabAsset: {fileID: 0}
  serializedVersion: 6
  m_Component:
  - component: {fileID: 2581697793721865490}
  - component: {fileID: 8640073435718736638}
  m_Layer: 0
  m_Name: Audio Open
  m_TagString: Untagged
  m_Icon: {fileID: 0}
  m_NavMeshLayer: 0
  m_StaticEditorFlags: 0
  m_IsActive: 1
--- !u!4 &2581697793721865490
Transform:
  m_ObjectHideFlags: 0
  m_CorrespondingSourceObject: {fileID: 0}
  m_PrefabInstance: {fileID: 0}
  m_PrefabAsset: {fileID: 0}
  m_GameObject: {fileID: 1636342941969624237}
  m_LocalRotation: {x: -0, y: -0, z: -0, w: 1}
  m_LocalPosition: {x: 0, y: 0, z: 0}
  m_LocalScale: {x: 1, y: 1, z: 1}
  m_Children: []
  m_Father: {fileID: 5778354121031073079}
  m_RootOrder: 3
  m_LocalEulerAnglesHint: {x: 0, y: 0, z: 0}
--- !u!82 &8640073435718736638
AudioSource:
  m_ObjectHideFlags: 0
  m_CorrespondingSourceObject: {fileID: 0}
  m_PrefabInstance: {fileID: 0}
  m_PrefabAsset: {fileID: 0}
  m_GameObject: {fileID: 1636342941969624237}
  m_Enabled: 1
  serializedVersion: 4
  OutputAudioMixerGroup: {fileID: -5399152961800817691, guid: a99ea87b7c1b0c84bb0f31c6badd3644,
    type: 2}
  m_audioClip: {fileID: 8300000, guid: af6b4fa9c25387b41abee77d619850d3, type: 3}
  m_PlayOnAwake: 0
  m_Volume: 1
  m_Pitch: 1
  Loop: 0
  Mute: 0
  Spatialize: 0
  SpatializePostEffects: 0
  Priority: 128
  DopplerLevel: 1
  MinDistance: 1
  MaxDistance: 500
  Pan2D: 0
  rolloffMode: 0
  BypassEffects: 0
  BypassListenerEffects: 0
  BypassReverbZones: 0
  rolloffCustomCurve:
    serializedVersion: 2
    m_Curve:
    - serializedVersion: 3
      time: 0
      value: 1
      inSlope: 0
      outSlope: 0
      tangentMode: 0
      weightedMode: 0
      inWeight: 0.33333334
      outWeight: 0.33333334
    - serializedVersion: 3
      time: 1
      value: 0
      inSlope: 0
      outSlope: 0
      tangentMode: 0
      weightedMode: 0
      inWeight: 0.33333334
      outWeight: 0.33333334
    m_PreInfinity: 2
    m_PostInfinity: 2
    m_RotationOrder: 4
  panLevelCustomCurve:
    serializedVersion: 2
    m_Curve:
    - serializedVersion: 3
      time: 0
      value: 0
      inSlope: 0
      outSlope: 0
      tangentMode: 0
      weightedMode: 0
      inWeight: 0.33333334
      outWeight: 0.33333334
    m_PreInfinity: 2
    m_PostInfinity: 2
    m_RotationOrder: 4
  spreadCustomCurve:
    serializedVersion: 2
    m_Curve:
    - serializedVersion: 3
      time: 0
      value: 0
      inSlope: 0
      outSlope: 0
      tangentMode: 0
      weightedMode: 0
      inWeight: 0.33333334
      outWeight: 0.33333334
    m_PreInfinity: 2
    m_PostInfinity: 2
    m_RotationOrder: 4
  reverbZoneMixCustomCurve:
    serializedVersion: 2
    m_Curve:
    - serializedVersion: 3
      time: 0
      value: 1
      inSlope: 0
      outSlope: 0
      tangentMode: 0
      weightedMode: 0
      inWeight: 0.33333334
      outWeight: 0.33333334
    m_PreInfinity: 2
    m_PostInfinity: 2
    m_RotationOrder: 4
--- !u!1 &4387339356679976078
GameObject:
  m_ObjectHideFlags: 0
  m_CorrespondingSourceObject: {fileID: 0}
  m_PrefabInstance: {fileID: 0}
  m_PrefabAsset: {fileID: 0}
  serializedVersion: 6
  m_Component:
  - component: {fileID: 2600555386993517381}
  - component: {fileID: 3971252286308568768}
  m_Layer: 0
  m_Name: Audio Close
  m_TagString: Untagged
  m_Icon: {fileID: 0}
  m_NavMeshLayer: 0
  m_StaticEditorFlags: 0
  m_IsActive: 1
--- !u!4 &2600555386993517381
Transform:
  m_ObjectHideFlags: 0
  m_CorrespondingSourceObject: {fileID: 0}
  m_PrefabInstance: {fileID: 0}
  m_PrefabAsset: {fileID: 0}
  m_GameObject: {fileID: 4387339356679976078}
  m_LocalRotation: {x: -0, y: -0, z: -0, w: 1}
  m_LocalPosition: {x: 0, y: 0, z: 0}
  m_LocalScale: {x: 1, y: 1, z: 1}
  m_Children: []
  m_Father: {fileID: 5778354121031073079}
  m_RootOrder: 4
  m_LocalEulerAnglesHint: {x: 0, y: 0, z: 0}
--- !u!82 &3971252286308568768
AudioSource:
  m_ObjectHideFlags: 0
  m_CorrespondingSourceObject: {fileID: 0}
  m_PrefabInstance: {fileID: 0}
  m_PrefabAsset: {fileID: 0}
  m_GameObject: {fileID: 4387339356679976078}
  m_Enabled: 1
  serializedVersion: 4
  OutputAudioMixerGroup: {fileID: -5399152961800817691, guid: a99ea87b7c1b0c84bb0f31c6badd3644,
    type: 2}
  m_audioClip: {fileID: 8300000, guid: 1a24fbd6b1dd0314ba246366e750acfb, type: 3}
  m_PlayOnAwake: 0
  m_Volume: 1
  m_Pitch: 1
  Loop: 0
  Mute: 0
  Spatialize: 0
  SpatializePostEffects: 0
  Priority: 128
  DopplerLevel: 1
  MinDistance: 1
  MaxDistance: 500
  Pan2D: 0
  rolloffMode: 0
  BypassEffects: 0
  BypassListenerEffects: 0
  BypassReverbZones: 0
  rolloffCustomCurve:
    serializedVersion: 2
    m_Curve:
    - serializedVersion: 3
      time: 0
      value: 1
      inSlope: 0
      outSlope: 0
      tangentMode: 0
      weightedMode: 0
      inWeight: 0.33333334
      outWeight: 0.33333334
    - serializedVersion: 3
      time: 1
      value: 0
      inSlope: 0
      outSlope: 0
      tangentMode: 0
      weightedMode: 0
      inWeight: 0.33333334
      outWeight: 0.33333334
    m_PreInfinity: 2
    m_PostInfinity: 2
    m_RotationOrder: 4
  panLevelCustomCurve:
    serializedVersion: 2
    m_Curve:
    - serializedVersion: 3
      time: 0
      value: 0
      inSlope: 0
      outSlope: 0
      tangentMode: 0
      weightedMode: 0
      inWeight: 0.33333334
      outWeight: 0.33333334
    m_PreInfinity: 2
    m_PostInfinity: 2
    m_RotationOrder: 4
  spreadCustomCurve:
    serializedVersion: 2
    m_Curve:
    - serializedVersion: 3
      time: 0
      value: 0
      inSlope: 0
      outSlope: 0
      tangentMode: 0
      weightedMode: 0
      inWeight: 0.33333334
      outWeight: 0.33333334
    m_PreInfinity: 2
    m_PostInfinity: 2
    m_RotationOrder: 4
  reverbZoneMixCustomCurve:
    serializedVersion: 2
    m_Curve:
    - serializedVersion: 3
      time: 0
      value: 1
      inSlope: 0
      outSlope: 0
      tangentMode: 0
      weightedMode: 0
      inWeight: 0.33333334
      outWeight: 0.33333334
    m_PreInfinity: 2
    m_PostInfinity: 2
    m_RotationOrder: 4
--- !u!1 &5778354120031278185
GameObject:
  m_ObjectHideFlags: 0
  m_CorrespondingSourceObject: {fileID: 0}
  m_PrefabInstance: {fileID: 0}
  m_PrefabAsset: {fileID: 0}
  serializedVersion: 6
  m_Component:
  - component: {fileID: 5778354120031278184}
  - component: {fileID: 4014185241781831889}
  m_Layer: 0
  m_Name: Gate Open
  m_TagString: Untagged
  m_Icon: {fileID: 0}
  m_NavMeshLayer: 0
  m_StaticEditorFlags: 0
  m_IsActive: 0
--- !u!4 &5778354120031278184
Transform:
  m_ObjectHideFlags: 0
  m_CorrespondingSourceObject: {fileID: 0}
  m_PrefabInstance: {fileID: 0}
  m_PrefabAsset: {fileID: 0}
  m_GameObject: {fileID: 5778354120031278185}
  m_LocalRotation: {x: 0, y: 0, z: 0, w: 1}
  m_LocalPosition: {x: -2.03, y: 0, z: 0}
  m_LocalScale: {x: 2, y: 2, z: 2}
  m_Children: []
  m_Father: {fileID: 5778354121031073079}
  m_RootOrder: 1
  m_LocalEulerAnglesHint: {x: 0, y: 0, z: 0}
--- !u!212 &4014185241781831889
SpriteRenderer:
  m_ObjectHideFlags: 0
  m_CorrespondingSourceObject: {fileID: 0}
  m_PrefabInstance: {fileID: 0}
  m_PrefabAsset: {fileID: 0}
  m_GameObject: {fileID: 5778354120031278185}
  m_Enabled: 1
  m_CastShadows: 0
  m_ReceiveShadows: 0
  m_DynamicOccludee: 1
  m_MotionVectors: 1
  m_LightProbeUsage: 1
  m_ReflectionProbeUsage: 1
  m_RayTracingMode: 0
  m_RenderingLayerMask: 1
  m_RendererPriority: 0
  m_Materials:
  - {fileID: 10754, guid: 0000000000000000f000000000000000, type: 0}
  m_StaticBatchInfo:
    firstSubMesh: 0
    subMeshCount: 0
  m_StaticBatchRoot: {fileID: 0}
  m_ProbeAnchor: {fileID: 0}
  m_LightProbeVolumeOverride: {fileID: 0}
  m_ScaleInLightmap: 1
  m_ReceiveGI: 1
  m_PreserveUVs: 0
  m_IgnoreNormalsForChartDetection: 0
  m_ImportantGI: 0
  m_StitchLightmapSeams: 1
  m_SelectedEditorRenderState: 0
  m_MinimumChartSize: 4
  m_AutoUVMaxDistance: 0.5
  m_AutoUVMaxAngle: 89
  m_LightmapParameters: {fileID: 0}
  m_SortingLayerID: 0
  m_SortingLayer: 0
  m_SortingOrder: -10
  m_Sprite: {fileID: 21300000, guid: fd59d556abb7d874d8da2d3da79b13ab, type: 3}
  m_Color: {r: 1, g: 1, b: 1, a: 1}
  m_FlipX: 0
  m_FlipY: 0
  m_DrawMode: 0
  m_Size: {x: 2.6, y: 1.1}
  m_AdaptiveModeThreshold: 0.5
  m_SpriteTileMode: 0
  m_WasSpriteAssigned: 1
  m_MaskInteraction: 0
  m_SpriteSortPoint: 0
--- !u!1 &5778354121031073076
GameObject:
  m_ObjectHideFlags: 0
  m_CorrespondingSourceObject: {fileID: 0}
  m_PrefabInstance: {fileID: 0}
  m_PrefabAsset: {fileID: 0}
  serializedVersion: 6
  m_Component:
  - component: {fileID: 5778354121031073079}
  - component: {fileID: 5023914251198816345}
  - component: {fileID: 6231800006385367850}
  - component: {fileID: 2498769846881231804}
  - component: {fileID: 6923945694427110581}
  m_Layer: 0
  m_Name: Gate Clean Left
  m_TagString: Interactable
  m_Icon: {fileID: 0}
  m_NavMeshLayer: 0
  m_StaticEditorFlags: 0
  m_IsActive: 1
--- !u!4 &5778354121031073079
Transform:
  m_ObjectHideFlags: 0
  m_CorrespondingSourceObject: {fileID: 0}
  m_PrefabInstance: {fileID: 0}
  m_PrefabAsset: {fileID: 0}
  m_GameObject: {fileID: 5778354121031073076}
  m_LocalRotation: {x: 0, y: 0, z: 0, w: 1}
  m_LocalPosition: {x: 0, y: 0, z: 0}
  m_LocalScale: {x: 1, y: 1, z: 1}
  m_Children:
  - {fileID: 5778354121671287013}
  - {fileID: 5778354120031278184}
  - {fileID: 4791501711024354844}
  - {fileID: 2581697793721865490}
  - {fileID: 2600555386993517381}
  m_Father: {fileID: 0}
  m_RootOrder: 0
  m_LocalEulerAnglesHint: {x: 0, y: 0, z: 0}
--- !u!61 &5023914251198816345
BoxCollider2D:
  m_ObjectHideFlags: 0
  m_CorrespondingSourceObject: {fileID: 0}
  m_PrefabInstance: {fileID: 0}
  m_PrefabAsset: {fileID: 0}
  m_GameObject: {fileID: 5778354121031073076}
  m_Enabled: 1
  m_Density: 1
  m_Material: {fileID: 0}
  m_IsTrigger: 1
  m_UsedByEffector: 0
  m_UsedByComposite: 0
  m_Offset: {x: 0.5, y: 0.75}
  m_SpriteTilingProperty:
    border: {x: 0, y: 0, z: 0, w: 0}
    pivot: {x: 0, y: 0}
    oldSize: {x: 0, y: 0}
    newSize: {x: 0, y: 0}
    adaptiveTilingThreshold: 0
    drawMode: 0
    adaptiveTiling: 0
  m_AutoTiling: 0
  serializedVersion: 2
  m_Size: {x: 4, y: 3}
  m_EdgeRadius: 0
--- !u!114 &6231800006385367850
MonoBehaviour:
  m_ObjectHideFlags: 0
  m_CorrespondingSourceObject: {fileID: 0}
  m_PrefabInstance: {fileID: 0}
  m_PrefabAsset: {fileID: 0}
  m_GameObject: {fileID: 5778354121031073076}
  m_Enabled: 1
  m_EditorHideFlags: 0
  m_Script: {fileID: 11500000, guid: dcdc7c7aa46dce24a8bcada880ee3d3c, type: 3}
  m_Name: 
  m_EditorClassIdentifier: 
  _onPlayerInReach:
    m_PersistentCalls:
      m_Calls:
      - m_Target: {fileID: 8835263502709552853}
        m_MethodName: SetActive
        m_Mode: 6
        m_Arguments:
          m_ObjectArgument: {fileID: 0}
          m_ObjectArgumentAssemblyTypeName: UnityEngine.Object, UnityEngine
          m_IntArgument: 0
          m_FloatArgument: 0
          m_StringArgument: 
          m_BoolArgument: 1
        m_CallState: 2
  _onPlayerOutOfReach:
    m_PersistentCalls:
      m_Calls:
      - m_Target: {fileID: 8835263502709552853}
        m_MethodName: SetActive
        m_Mode: 6
        m_Arguments:
          m_ObjectArgument: {fileID: 0}
          m_ObjectArgumentAssemblyTypeName: UnityEngine.Object, UnityEngine
          m_IntArgument: 0
          m_FloatArgument: 0
          m_StringArgument: 
          m_BoolArgument: 0
        m_CallState: 2
  _onInteractStart:
    m_PersistentCalls:
      m_Calls:
      - m_Target: {fileID: 6923945694427110581}
        m_MethodName: Switch
        m_Mode: 1
        m_Arguments:
          m_ObjectArgument: {fileID: 0}
          m_ObjectArgumentAssemblyTypeName: UnityEngine.Object, UnityEngine
          m_IntArgument: 0
          m_FloatArgument: 0
          m_StringArgument: 
          m_BoolArgument: 0
        m_CallState: 2
  _onInteractEnd:
    m_PersistentCalls:
      m_Calls: []
--- !u!114 &2498769846881231804
MonoBehaviour:
  m_ObjectHideFlags: 0
  m_CorrespondingSourceObject: {fileID: 0}
  m_PrefabInstance: {fileID: 0}
  m_PrefabAsset: {fileID: 0}
  m_GameObject: {fileID: 5778354121031073076}
  m_Enabled: 1
  m_EditorHideFlags: 0
  m_Script: {fileID: 11500000, guid: 24d3a5d6ff318ad4fa14896bede40e7c, type: 3}
  m_Name: 
  m_EditorClassIdentifier: 
  _onContamination:
    m_PersistentCalls:
      m_Calls:
      - m_Target: {fileID: 11400000, guid: e0af99003a271d54fb9c65864ffcc0fb, type: 2}
        m_MethodName: set_Value
        m_Mode: 6
        m_Arguments:
          m_ObjectArgument: {fileID: 0}
          m_ObjectArgumentAssemblyTypeName: UnityEngine.Object, UnityEngine
          m_IntArgument: 0
          m_FloatArgument: 0
          m_StringArgument: 
          m_BoolArgument: 1
        m_CallState: 2
--- !u!114 &6923945694427110581
MonoBehaviour:
  m_ObjectHideFlags: 0
  m_CorrespondingSourceObject: {fileID: 0}
  m_PrefabInstance: {fileID: 0}
  m_PrefabAsset: {fileID: 0}
  m_GameObject: {fileID: 5778354121031073076}
  m_Enabled: 1
  m_EditorHideFlags: 0
  m_Script: {fileID: 11500000, guid: 784ef4ed0ba9b3f438c665de982147e6, type: 3}
  m_Name: 
  m_EditorClassIdentifier: 
  Open: {fileID: 5778354120031278185}
  Closed: {fileID: 5778354121671286938}
  _onOpen:
    m_PersistentCalls:
      m_Calls:
      - m_Target: {fileID: 8640073435718736638}
        m_MethodName: Play
        m_Mode: 1
        m_Arguments:
          m_ObjectArgument: {fileID: 0}
          m_ObjectArgumentAssemblyTypeName: UnityEngine.Object, UnityEngine
          m_IntArgument: 0
          m_FloatArgument: 0
          m_StringArgument: 
          m_BoolArgument: 0
        m_CallState: 2
  _onClose:
    m_PersistentCalls:
      m_Calls:
      - m_Target: {fileID: 3971252286308568768}
        m_MethodName: Play
        m_Mode: 1
        m_Arguments:
          m_ObjectArgument: {fileID: 0}
          m_ObjectArgumentAssemblyTypeName: UnityEngine.Object, UnityEngine
          m_IntArgument: 0
          m_FloatArgument: 0
          m_StringArgument: 
          m_BoolArgument: 0
        m_CallState: 2
--- !u!114 &4550523286423681648
MonoBehaviour:
  m_ObjectHideFlags: 0
  m_CorrespondingSourceObject: {fileID: 0}
  m_PrefabInstance: {fileID: 0}
  m_PrefabAsset: {fileID: 0}
  m_GameObject: {fileID: 5778354121671286938}
  m_Enabled: 1
  m_EditorHideFlags: 0
  m_Script: {fileID: 11500000, guid: 24d3a5d6ff318ad4fa14896bede40e7c, type: 3}
  m_Name: 
  m_EditorClassIdentifier: 
  _onContamination:
    m_PersistentCalls:
      m_Calls: []
--- !u!1001 &5986611326963828759
PrefabInstance:
  m_ObjectHideFlags: 0
  serializedVersion: 2
  m_Modification:
    m_TransformParent: {fileID: 5778354121031073079}
    m_Modifications:
    - target: {fileID: 1254923352435998219, guid: 6e3cba0832376d44b9801bb2f5cbb5da,
        type: 3}
      propertyPath: m_LocalPosition.x
      value: 0
      objectReference: {fileID: 0}
    - target: {fileID: 1254923352435998219, guid: 6e3cba0832376d44b9801bb2f5cbb5da,
        type: 3}
      propertyPath: m_LocalPosition.y
      value: 0
      objectReference: {fileID: 0}
    - target: {fileID: 1254923352435998219, guid: 6e3cba0832376d44b9801bb2f5cbb5da,
        type: 3}
      propertyPath: m_LocalPosition.z
      value: 0
      objectReference: {fileID: 0}
    - target: {fileID: 1254923352435998219, guid: 6e3cba0832376d44b9801bb2f5cbb5da,
        type: 3}
      propertyPath: m_LocalRotation.x
      value: -0
      objectReference: {fileID: 0}
    - target: {fileID: 1254923352435998219, guid: 6e3cba0832376d44b9801bb2f5cbb5da,
        type: 3}
      propertyPath: m_LocalRotation.y
      value: -0
      objectReference: {fileID: 0}
    - target: {fileID: 1254923352435998219, guid: 6e3cba0832376d44b9801bb2f5cbb5da,
        type: 3}
      propertyPath: m_LocalRotation.z
      value: -0
      objectReference: {fileID: 0}
    - target: {fileID: 1254923352435998219, guid: 6e3cba0832376d44b9801bb2f5cbb5da,
        type: 3}
      propertyPath: m_LocalRotation.w
      value: 1
      objectReference: {fileID: 0}
    - target: {fileID: 1254923352435998219, guid: 6e3cba0832376d44b9801bb2f5cbb5da,
        type: 3}
      propertyPath: m_RootOrder
      value: 2
      objectReference: {fileID: 0}
    - target: {fileID: 1254923352435998219, guid: 6e3cba0832376d44b9801bb2f5cbb5da,
        type: 3}
      propertyPath: m_LocalEulerAnglesHint.x
      value: 0
      objectReference: {fileID: 0}
    - target: {fileID: 1254923352435998219, guid: 6e3cba0832376d44b9801bb2f5cbb5da,
        type: 3}
      propertyPath: m_LocalEulerAnglesHint.y
      value: 0
      objectReference: {fileID: 0}
    - target: {fileID: 1254923352435998219, guid: 6e3cba0832376d44b9801bb2f5cbb5da,
        type: 3}
      propertyPath: m_LocalEulerAnglesHint.z
      value: 0
      objectReference: {fileID: 0}
    - target: {fileID: 1254923352435998219, guid: 6e3cba0832376d44b9801bb2f5cbb5da,
        type: 3}
      propertyPath: m_AnchoredPosition.x
      value: 0
      objectReference: {fileID: 0}
    - target: {fileID: 1254923352435998219, guid: 6e3cba0832376d44b9801bb2f5cbb5da,
        type: 3}
      propertyPath: m_AnchoredPosition.y
      value: 2.5
      objectReference: {fileID: 0}
    - target: {fileID: 1254923352435998219, guid: 6e3cba0832376d44b9801bb2f5cbb5da,
        type: 3}
      propertyPath: m_SizeDelta.x
      value: 640
      objectReference: {fileID: 0}
    - target: {fileID: 1254923352435998219, guid: 6e3cba0832376d44b9801bb2f5cbb5da,
        type: 3}
      propertyPath: m_SizeDelta.y
      value: 260
      objectReference: {fileID: 0}
    - target: {fileID: 1254923352435998219, guid: 6e3cba0832376d44b9801bb2f5cbb5da,
        type: 3}
      propertyPath: m_AnchorMin.x
      value: 0.5
      objectReference: {fileID: 0}
    - target: {fileID: 1254923352435998219, guid: 6e3cba0832376d44b9801bb2f5cbb5da,
        type: 3}
      propertyPath: m_AnchorMin.y
      value: 0
      objectReference: {fileID: 0}
    - target: {fileID: 1254923352435998219, guid: 6e3cba0832376d44b9801bb2f5cbb5da,
        type: 3}
      propertyPath: m_AnchorMax.x
      value: 0.5
      objectReference: {fileID: 0}
    - target: {fileID: 1254923352435998219, guid: 6e3cba0832376d44b9801bb2f5cbb5da,
        type: 3}
      propertyPath: m_AnchorMax.y
      value: 0
      objectReference: {fileID: 0}
    - target: {fileID: 1254923352435998219, guid: 6e3cba0832376d44b9801bb2f5cbb5da,
        type: 3}
      propertyPath: m_Pivot.x
      value: 0.5
      objectReference: {fileID: 0}
    - target: {fileID: 1254923352435998219, guid: 6e3cba0832376d44b9801bb2f5cbb5da,
        type: 3}
      propertyPath: m_Pivot.y
      value: 0
      objectReference: {fileID: 0}
    - target: {fileID: 2243755419374012444, guid: 6e3cba0832376d44b9801bb2f5cbb5da,
        type: 3}
      propertyPath: m_SizeDelta.x
      value: 0
      objectReference: {fileID: 0}
    - target: {fileID: 2243755419374012444, guid: 6e3cba0832376d44b9801bb2f5cbb5da,
        type: 3}
      propertyPath: m_SizeDelta.y
      value: 200
      objectReference: {fileID: 0}
    - target: {fileID: 2993097222142017218, guid: 6e3cba0832376d44b9801bb2f5cbb5da,
        type: 3}
      propertyPath: m_Name
      value: World Canvas Callout
      objectReference: {fileID: 0}
    - target: {fileID: 4264934623781319516, guid: 6e3cba0832376d44b9801bb2f5cbb5da,
        type: 3}
      propertyPath: m_AnchorMin.y
      value: 0
      objectReference: {fileID: 0}
    - target: {fileID: 4264934623781319516, guid: 6e3cba0832376d44b9801bb2f5cbb5da,
        type: 3}
      propertyPath: m_AnchorMax.y
      value: 0
      objectReference: {fileID: 0}
    - target: {fileID: 4264934623781319516, guid: 6e3cba0832376d44b9801bb2f5cbb5da,
        type: 3}
      propertyPath: m_AnchoredPosition.x
      value: 0
      objectReference: {fileID: 0}
    - target: {fileID: 4264934623781319516, guid: 6e3cba0832376d44b9801bb2f5cbb5da,
        type: 3}
      propertyPath: m_AnchoredPosition.y
      value: 0
      objectReference: {fileID: 0}
    - target: {fileID: 4264934623781319516, guid: 6e3cba0832376d44b9801bb2f5cbb5da,
        type: 3}
      propertyPath: m_SizeDelta.y
      value: 0
      objectReference: {fileID: 0}
    m_RemovedComponents: []
  m_SourcePrefab: {fileID: 100100000, guid: 6e3cba0832376d44b9801bb2f5cbb5da, type: 3}
--- !u!1 &8835263502709552853 stripped
GameObject:
  m_CorrespondingSourceObject: {fileID: 2993097222142017218, guid: 6e3cba0832376d44b9801bb2f5cbb5da,
    type: 3}
  m_PrefabInstance: {fileID: 5986611326963828759}
  m_PrefabAsset: {fileID: 0}
--- !u!224 &4791501711024354844 stripped
RectTransform:
  m_CorrespondingSourceObject: {fileID: 1254923352435998219, guid: 6e3cba0832376d44b9801bb2f5cbb5da,
    type: 3}
  m_PrefabInstance: {fileID: 5986611326963828759}
  m_PrefabAsset: {fileID: 0}
--- !u!1001 &6718846847815401825
PrefabInstance:
  m_ObjectHideFlags: 0
  serializedVersion: 2
  m_Modification:
    m_TransformParent: {fileID: 5778354121031073079}
    m_Modifications:
    - target: {fileID: 940959754735051140, guid: d68e49121ef54eb4daf783027eb7dd67,
        type: 3}
      propertyPath: m_LocalPosition.x
      value: 0
      objectReference: {fileID: 0}
    - target: {fileID: 940959754735051140, guid: d68e49121ef54eb4daf783027eb7dd67,
        type: 3}
      propertyPath: m_LocalPosition.y
      value: 0
      objectReference: {fileID: 0}
    - target: {fileID: 940959754735051140, guid: d68e49121ef54eb4daf783027eb7dd67,
        type: 3}
      propertyPath: m_LocalPosition.z
      value: 0
      objectReference: {fileID: 0}
    - target: {fileID: 940959754735051140, guid: d68e49121ef54eb4daf783027eb7dd67,
        type: 3}
      propertyPath: m_LocalRotation.x
      value: 0
      objectReference: {fileID: 0}
    - target: {fileID: 940959754735051140, guid: d68e49121ef54eb4daf783027eb7dd67,
        type: 3}
      propertyPath: m_LocalRotation.y
      value: 0
      objectReference: {fileID: 0}
    - target: {fileID: 940959754735051140, guid: d68e49121ef54eb4daf783027eb7dd67,
        type: 3}
      propertyPath: m_LocalRotation.z
      value: 0
      objectReference: {fileID: 0}
    - target: {fileID: 940959754735051140, guid: d68e49121ef54eb4daf783027eb7dd67,
        type: 3}
      propertyPath: m_LocalRotation.w
      value: 1
      objectReference: {fileID: 0}
    - target: {fileID: 940959754735051140, guid: d68e49121ef54eb4daf783027eb7dd67,
        type: 3}
      propertyPath: m_RootOrder
      value: 0
      objectReference: {fileID: 0}
    - target: {fileID: 940959754735051140, guid: d68e49121ef54eb4daf783027eb7dd67,
        type: 3}
      propertyPath: m_LocalEulerAnglesHint.x
      value: 0
      objectReference: {fileID: 0}
    - target: {fileID: 940959754735051140, guid: d68e49121ef54eb4daf783027eb7dd67,
        type: 3}
      propertyPath: m_LocalEulerAnglesHint.y
      value: 0
      objectReference: {fileID: 0}
    - target: {fileID: 940959754735051140, guid: d68e49121ef54eb4daf783027eb7dd67,
        type: 3}
      propertyPath: m_LocalEulerAnglesHint.z
      value: 0
      objectReference: {fileID: 0}
    - target: {fileID: 940959754735051141, guid: d68e49121ef54eb4daf783027eb7dd67,
        type: 3}
      propertyPath: m_SortingOrder
      value: 25
      objectReference: {fileID: 0}
    - target: {fileID: 940959754735051142, guid: d68e49121ef54eb4daf783027eb7dd67,
        type: 3}
      propertyPath: m_SpriteTilingProperty.pivot.x
      value: 0.09131023
      objectReference: {fileID: 0}
    - target: {fileID: 940959754735051142, guid: d68e49121ef54eb4daf783027eb7dd67,
        type: 3}
      propertyPath: m_SpriteTilingProperty.pivot.y
      value: 0.30084074
      objectReference: {fileID: 0}
    - target: {fileID: 940959754735051142, guid: d68e49121ef54eb4daf783027eb7dd67,
        type: 3}
      propertyPath: m_Offset.x
      value: 0
      objectReference: {fileID: 0}
    - target: {fileID: 940959754735051142, guid: d68e49121ef54eb4daf783027eb7dd67,
        type: 3}
      propertyPath: m_Size.x
      value: 1
      objectReference: {fileID: 0}
    - target: {fileID: 940959754735051259, guid: d68e49121ef54eb4daf783027eb7dd67,
        type: 3}
      propertyPath: m_Name
      value: Gate Closed
      objectReference: {fileID: 0}
    m_RemovedComponents: []
  m_SourcePrefab: {fileID: 100100000, guid: d68e49121ef54eb4daf783027eb7dd67, type: 3}
--- !u!1 &5778354121671286938 stripped
GameObject:
  m_CorrespondingSourceObject: {fileID: 940959754735051259, guid: d68e49121ef54eb4daf783027eb7dd67,
    type: 3}
  m_PrefabInstance: {fileID: 6718846847815401825}
  m_PrefabAsset: {fileID: 0}
--- !u!4 &5778354121671287013 stripped
Transform:
  m_CorrespondingSourceObject: {fileID: 940959754735051140, guid: d68e49121ef54eb4daf783027eb7dd67,
    type: 3}
  m_PrefabInstance: {fileID: 6718846847815401825}
  m_PrefabAsset: {fileID: 0}
