%YAML 1.1
%TAG !u! tag:unity3d.com,2011:
--- !u!29 &1
OcclusionCullingSettings:
  m_ObjectHideFlags: 0
  serializedVersion: 2
  m_OcclusionBakeSettings:
    smallestOccluder: 5
    smallestHole: 0.25
    backfaceThreshold: 100
  m_SceneGUID: 00000000000000000000000000000000
  m_OcclusionCullingData: {fileID: 0}
--- !u!104 &2
RenderSettings:
  m_ObjectHideFlags: 0
  serializedVersion: 9
  m_Fog: 0
  m_FogColor: {r: 0.5, g: 0.5, b: 0.5, a: 1}
  m_FogMode: 3
  m_FogDensity: 0.01
  m_LinearFogStart: 0
  m_LinearFogEnd: 300
  m_AmbientSkyColor: {r: 0.212, g: 0.227, b: 0.259, a: 1}
  m_AmbientEquatorColor: {r: 0.114, g: 0.125, b: 0.133, a: 1}
  m_AmbientGroundColor: {r: 0.047, g: 0.043, b: 0.035, a: 1}
  m_AmbientIntensity: 1
  m_AmbientMode: 3
  m_SubtractiveShadowColor: {r: 0.42, g: 0.478, b: 0.627, a: 1}
  m_SkyboxMaterial: {fileID: 0}
  m_HaloStrength: 0.5
  m_FlareStrength: 1
  m_FlareFadeSpeed: 3
  m_HaloTexture: {fileID: 0}
  m_SpotCookie: {fileID: 10001, guid: 0000000000000000e000000000000000, type: 0}
  m_DefaultReflectionMode: 0
  m_DefaultReflectionResolution: 128
  m_ReflectionBounces: 1
  m_ReflectionIntensity: 1
  m_CustomReflection: {fileID: 0}
  m_Sun: {fileID: 0}
  m_IndirectSpecularColor: {r: 0, g: 0, b: 0, a: 1}
  m_UseRadianceAmbientProbe: 0
--- !u!157 &3
LightmapSettings:
  m_ObjectHideFlags: 0
  serializedVersion: 11
  m_GIWorkflowMode: 1
  m_GISettings:
    serializedVersion: 2
    m_BounceScale: 1
    m_IndirectOutputScale: 1
    m_AlbedoBoost: 1
    m_EnvironmentLightingMode: 0
    m_EnableBakedLightmaps: 0
    m_EnableRealtimeLightmaps: 0
  m_LightmapEditorSettings:
    serializedVersion: 12
    m_Resolution: 2
    m_BakeResolution: 40
    m_AtlasSize: 1024
    m_AO: 0
    m_AOMaxDistance: 1
    m_CompAOExponent: 1
    m_CompAOExponentDirect: 0
    m_ExtractAmbientOcclusion: 0
    m_Padding: 2
    m_LightmapParameters: {fileID: 0}
    m_LightmapsBakeMode: 1
    m_TextureCompression: 1
    m_FinalGather: 0
    m_FinalGatherFiltering: 1
    m_FinalGatherRayCount: 256
    m_ReflectionCompression: 2
    m_MixedBakeMode: 2
    m_BakeBackend: 1
    m_PVRSampling: 1
    m_PVRDirectSampleCount: 32
    m_PVRSampleCount: 512
    m_PVRBounces: 2
    m_PVREnvironmentSampleCount: 256
    m_PVREnvironmentReferencePointCount: 2048
    m_PVRFilteringMode: 1
    m_PVRDenoiserTypeDirect: 1
    m_PVRDenoiserTypeIndirect: 1
    m_PVRDenoiserTypeAO: 1
    m_PVRFilterTypeDirect: 0
    m_PVRFilterTypeIndirect: 0
    m_PVRFilterTypeAO: 0
    m_PVREnvironmentMIS: 1
    m_PVRCulling: 1
    m_PVRFilteringGaussRadiusDirect: 1
    m_PVRFilteringGaussRadiusIndirect: 5
    m_PVRFilteringGaussRadiusAO: 2
    m_PVRFilteringAtrousPositionSigmaDirect: 0.5
    m_PVRFilteringAtrousPositionSigmaIndirect: 2
    m_PVRFilteringAtrousPositionSigmaAO: 1
    m_ExportTrainingData: 0
    m_TrainingDataDestination: TrainingData
    m_LightProbeSampleCountMultiplier: 4
  m_LightingDataAsset: {fileID: 0}
  m_UseShadowmask: 1
--- !u!196 &4
NavMeshSettings:
  serializedVersion: 2
  m_ObjectHideFlags: 0
  m_BuildSettings:
    serializedVersion: 2
    agentTypeID: 0
    agentRadius: 0.5
    agentHeight: 2
    agentSlope: 45
    agentClimb: 0.4
    ledgeDropHeight: 0
    maxJumpAcrossDistance: 0
    minRegionArea: 2
    manualCellSize: 0
    cellSize: 0.16666667
    manualTileSize: 0
    tileSize: 256
    accuratePlacement: 0
    debug:
      m_Flags: 0
  m_NavMeshData: {fileID: 0}
--- !u!1001 &48269742
PrefabInstance:
  m_ObjectHideFlags: 0
  serializedVersion: 2
  m_Modification:
    m_TransformParent: {fileID: 1018013504}
    m_Modifications:
    - target: {fileID: 1363276235898799473, guid: 8eb2cfb5be8b2e04ea19873a813dd6c3,
        type: 3}
      propertyPath: m_LocalPosition.x
      value: -6.5
      objectReference: {fileID: 0}
    - target: {fileID: 1363276235898799473, guid: 8eb2cfb5be8b2e04ea19873a813dd6c3,
        type: 3}
      propertyPath: m_LocalPosition.y
      value: 1
      objectReference: {fileID: 0}
    - target: {fileID: 1363276235898799473, guid: 8eb2cfb5be8b2e04ea19873a813dd6c3,
        type: 3}
      propertyPath: m_LocalPosition.z
      value: 0
      objectReference: {fileID: 0}
    - target: {fileID: 1363276235898799473, guid: 8eb2cfb5be8b2e04ea19873a813dd6c3,
        type: 3}
      propertyPath: m_LocalRotation.x
      value: -0
      objectReference: {fileID: 0}
    - target: {fileID: 1363276235898799473, guid: 8eb2cfb5be8b2e04ea19873a813dd6c3,
        type: 3}
      propertyPath: m_LocalRotation.y
      value: -0
      objectReference: {fileID: 0}
    - target: {fileID: 1363276235898799473, guid: 8eb2cfb5be8b2e04ea19873a813dd6c3,
        type: 3}
      propertyPath: m_LocalRotation.z
      value: -0
      objectReference: {fileID: 0}
    - target: {fileID: 1363276235898799473, guid: 8eb2cfb5be8b2e04ea19873a813dd6c3,
        type: 3}
      propertyPath: m_LocalRotation.w
      value: 1
      objectReference: {fileID: 0}
    - target: {fileID: 1363276235898799473, guid: 8eb2cfb5be8b2e04ea19873a813dd6c3,
        type: 3}
      propertyPath: m_RootOrder
      value: 0
      objectReference: {fileID: 0}
    - target: {fileID: 1363276235898799473, guid: 8eb2cfb5be8b2e04ea19873a813dd6c3,
        type: 3}
      propertyPath: m_LocalEulerAnglesHint.x
      value: 0
      objectReference: {fileID: 0}
    - target: {fileID: 1363276235898799473, guid: 8eb2cfb5be8b2e04ea19873a813dd6c3,
        type: 3}
      propertyPath: m_LocalEulerAnglesHint.y
      value: 0
      objectReference: {fileID: 0}
    - target: {fileID: 1363276235898799473, guid: 8eb2cfb5be8b2e04ea19873a813dd6c3,
        type: 3}
      propertyPath: m_LocalEulerAnglesHint.z
      value: 0
      objectReference: {fileID: 0}
    - target: {fileID: 1363276235898799486, guid: 8eb2cfb5be8b2e04ea19873a813dd6c3,
        type: 3}
      propertyPath: m_Name
      value: Border Left
      objectReference: {fileID: 0}
    m_RemovedComponents: []
  m_SourcePrefab: {fileID: 100100000, guid: 8eb2cfb5be8b2e04ea19873a813dd6c3, type: 3}
--- !u!4 &48269743 stripped
Transform:
  m_CorrespondingSourceObject: {fileID: 1363276235898799473, guid: 8eb2cfb5be8b2e04ea19873a813dd6c3,
    type: 3}
  m_PrefabInstance: {fileID: 48269742}
  m_PrefabAsset: {fileID: 0}
--- !u!1 &50105257 stripped
GameObject:
  m_CorrespondingSourceObject: {fileID: 6578493828739118497, guid: 3e7daa69eb94e224593aa4e8a392dc9f,
    type: 3}
  m_PrefabInstance: {fileID: 1198195573}
  m_PrefabAsset: {fileID: 0}
--- !u!1001 &76486114
PrefabInstance:
  m_ObjectHideFlags: 0
  serializedVersion: 2
  m_Modification:
    m_TransformParent: {fileID: 1018013504}
    m_Modifications:
    - target: {fileID: 3308043766253021282, guid: 07bdca6bbb827594ea0dc1f78435d2e4,
        type: 3}
      propertyPath: m_Name
      value: Lisa
      objectReference: {fileID: 0}
    - target: {fileID: 3308043766253021283, guid: 07bdca6bbb827594ea0dc1f78435d2e4,
        type: 3}
      propertyPath: m_LocalPosition.x
      value: 0
      objectReference: {fileID: 0}
    - target: {fileID: 3308043766253021283, guid: 07bdca6bbb827594ea0dc1f78435d2e4,
        type: 3}
      propertyPath: m_LocalPosition.y
      value: 0
      objectReference: {fileID: 0}
    - target: {fileID: 3308043766253021283, guid: 07bdca6bbb827594ea0dc1f78435d2e4,
        type: 3}
      propertyPath: m_LocalPosition.z
      value: 0
      objectReference: {fileID: 0}
    - target: {fileID: 3308043766253021283, guid: 07bdca6bbb827594ea0dc1f78435d2e4,
        type: 3}
      propertyPath: m_LocalRotation.x
      value: -0
      objectReference: {fileID: 0}
    - target: {fileID: 3308043766253021283, guid: 07bdca6bbb827594ea0dc1f78435d2e4,
        type: 3}
      propertyPath: m_LocalRotation.y
      value: -0
      objectReference: {fileID: 0}
    - target: {fileID: 3308043766253021283, guid: 07bdca6bbb827594ea0dc1f78435d2e4,
        type: 3}
      propertyPath: m_LocalRotation.z
      value: -0
      objectReference: {fileID: 0}
    - target: {fileID: 3308043766253021283, guid: 07bdca6bbb827594ea0dc1f78435d2e4,
        type: 3}
      propertyPath: m_LocalRotation.w
      value: 1
      objectReference: {fileID: 0}
    - target: {fileID: 3308043766253021283, guid: 07bdca6bbb827594ea0dc1f78435d2e4,
        type: 3}
      propertyPath: m_RootOrder
      value: 3
      objectReference: {fileID: 0}
    - target: {fileID: 3308043766253021283, guid: 07bdca6bbb827594ea0dc1f78435d2e4,
        type: 3}
      propertyPath: m_LocalEulerAnglesHint.x
      value: 0
      objectReference: {fileID: 0}
    - target: {fileID: 3308043766253021283, guid: 07bdca6bbb827594ea0dc1f78435d2e4,
        type: 3}
      propertyPath: m_LocalEulerAnglesHint.y
      value: 0
      objectReference: {fileID: 0}
    - target: {fileID: 3308043766253021283, guid: 07bdca6bbb827594ea0dc1f78435d2e4,
        type: 3}
      propertyPath: m_LocalEulerAnglesHint.z
      value: 0
      objectReference: {fileID: 0}
    m_RemovedComponents: []
  m_SourcePrefab: {fileID: 100100000, guid: 07bdca6bbb827594ea0dc1f78435d2e4, type: 3}
--- !u!4 &76486116 stripped
Transform:
  m_CorrespondingSourceObject: {fileID: 4744021362312428299, guid: dce55e2429f81584cbec8136b3ffdc49,
    type: 3}
  m_PrefabInstance: {fileID: 1510742609}
  m_PrefabAsset: {fileID: 0}
--- !u!4 &453776630 stripped
Transform:
  m_CorrespondingSourceObject: {fileID: 1599643071884365589, guid: d93db855769741445a5e3940505b1db0,
    type: 3}
  m_PrefabInstance: {fileID: 783499696}
  m_PrefabAsset: {fileID: 0}
--- !u!4 &676003285 stripped
Transform:
  m_CorrespondingSourceObject: {fileID: 3308043766253021283, guid: 07bdca6bbb827594ea0dc1f78435d2e4,
    type: 3}
  m_PrefabInstance: {fileID: 76486114}
  m_PrefabAsset: {fileID: 0}
--- !u!1001 &783499696
PrefabInstance:
  m_ObjectHideFlags: 0
  serializedVersion: 2
  m_Modification:
    m_TransformParent: {fileID: 1018013504}
    m_Modifications:
    - target: {fileID: 1599643071884365587, guid: d93db855769741445a5e3940505b1db0,
        type: 3}
      propertyPath: m_Name
      value: Virus Moving
      objectReference: {fileID: 0}
    - target: {fileID: 1599643071884365589, guid: d93db855769741445a5e3940505b1db0,
        type: 3}
      propertyPath: m_LocalPosition.x
      value: 30
      objectReference: {fileID: 0}
    - target: {fileID: 1599643071884365589, guid: d93db855769741445a5e3940505b1db0,
        type: 3}
      propertyPath: m_LocalPosition.y
      value: 0
      objectReference: {fileID: 0}
    - target: {fileID: 1599643071884365589, guid: d93db855769741445a5e3940505b1db0,
        type: 3}
      propertyPath: m_LocalPosition.z
      value: 0
      objectReference: {fileID: 0}
    - target: {fileID: 1599643071884365589, guid: d93db855769741445a5e3940505b1db0,
        type: 3}
      propertyPath: m_LocalRotation.x
      value: 0
      objectReference: {fileID: 0}
    - target: {fileID: 1599643071884365589, guid: d93db855769741445a5e3940505b1db0,
        type: 3}
      propertyPath: m_LocalRotation.y
      value: 0
      objectReference: {fileID: 0}
    - target: {fileID: 1599643071884365589, guid: d93db855769741445a5e3940505b1db0,
        type: 3}
      propertyPath: m_LocalRotation.z
      value: 0
      objectReference: {fileID: 0}
    - target: {fileID: 1599643071884365589, guid: d93db855769741445a5e3940505b1db0,
        type: 3}
      propertyPath: m_LocalRotation.w
      value: 1
      objectReference: {fileID: 0}
    - target: {fileID: 1599643071884365589, guid: d93db855769741445a5e3940505b1db0,
        type: 3}
      propertyPath: m_RootOrder
      value: 4
      objectReference: {fileID: 0}
    - target: {fileID: 1599643071884365589, guid: d93db855769741445a5e3940505b1db0,
        type: 3}
      propertyPath: m_LocalEulerAnglesHint.x
      value: 0
      objectReference: {fileID: 0}
    - target: {fileID: 1599643071884365589, guid: d93db855769741445a5e3940505b1db0,
        type: 3}
      propertyPath: m_LocalEulerAnglesHint.y
      value: 0
      objectReference: {fileID: 0}
    - target: {fileID: 1599643071884365589, guid: d93db855769741445a5e3940505b1db0,
        type: 3}
      propertyPath: m_LocalEulerAnglesHint.z
      value: 0
      objectReference: {fileID: 0}
    - target: {fileID: 3889672506378151575, guid: d93db855769741445a5e3940505b1db0,
        type: 3}
      propertyPath: m_LocalPosition.x
      value: -14
      objectReference: {fileID: 0}
    m_RemovedComponents: []
  m_SourcePrefab: {fileID: 100100000, guid: d93db855769741445a5e3940505b1db0, type: 3}
--- !u!1001 &818656494
PrefabInstance:
  m_ObjectHideFlags: 0
  serializedVersion: 2
  m_Modification:
    m_TransformParent: {fileID: 1797087645}
    m_Modifications:
    - target: {fileID: 352221139525317819, guid: f0950217148b8f44fb6c9c195aa373f0,
        type: 3}
      propertyPath: m_LocalPosition.x
      value: 6
      objectReference: {fileID: 0}
    - target: {fileID: 352221139525317819, guid: f0950217148b8f44fb6c9c195aa373f0,
        type: 3}
      propertyPath: m_LocalPosition.y
      value: 1
      objectReference: {fileID: 0}
    - target: {fileID: 352221139525317819, guid: f0950217148b8f44fb6c9c195aa373f0,
        type: 3}
      propertyPath: m_LocalPosition.z
      value: 0
      objectReference: {fileID: 0}
    - target: {fileID: 352221139525317819, guid: f0950217148b8f44fb6c9c195aa373f0,
        type: 3}
      propertyPath: m_LocalRotation.x
      value: -0
      objectReference: {fileID: 0}
    - target: {fileID: 352221139525317819, guid: f0950217148b8f44fb6c9c195aa373f0,
        type: 3}
      propertyPath: m_LocalRotation.y
      value: -0
      objectReference: {fileID: 0}
    - target: {fileID: 352221139525317819, guid: f0950217148b8f44fb6c9c195aa373f0,
        type: 3}
      propertyPath: m_LocalRotation.z
      value: -0
      objectReference: {fileID: 0}
    - target: {fileID: 352221139525317819, guid: f0950217148b8f44fb6c9c195aa373f0,
        type: 3}
      propertyPath: m_LocalRotation.w
      value: 1
      objectReference: {fileID: 0}
    - target: {fileID: 352221139525317819, guid: f0950217148b8f44fb6c9c195aa373f0,
        type: 3}
      propertyPath: m_RootOrder
      value: 2
      objectReference: {fileID: 0}
    - target: {fileID: 352221139525317819, guid: f0950217148b8f44fb6c9c195aa373f0,
        type: 3}
      propertyPath: m_LocalEulerAnglesHint.x
      value: 0
      objectReference: {fileID: 0}
    - target: {fileID: 352221139525317819, guid: f0950217148b8f44fb6c9c195aa373f0,
        type: 3}
      propertyPath: m_LocalEulerAnglesHint.y
      value: 0
      objectReference: {fileID: 0}
    - target: {fileID: 352221139525317819, guid: f0950217148b8f44fb6c9c195aa373f0,
        type: 3}
      propertyPath: m_LocalEulerAnglesHint.z
      value: 0
      objectReference: {fileID: 0}
    - target: {fileID: 2453595826379588403, guid: f0950217148b8f44fb6c9c195aa373f0,
        type: 3}
      propertyPath: m_Name
      value: ItemContainer Sanitizer Variant
      objectReference: {fileID: 0}
    m_RemovedComponents: []
  m_SourcePrefab: {fileID: 100100000, guid: f0950217148b8f44fb6c9c195aa373f0, type: 3}
--- !u!4 &957999030 stripped
Transform:
  m_CorrespondingSourceObject: {fileID: 6116880058983412876, guid: cf6389cc28c268d4092c7072cfb9de93,
    type: 3}
  m_PrefabInstance: {fileID: 1539371024}
  m_PrefabAsset: {fileID: 0}
--- !u!1 &1018013503
GameObject:
  m_ObjectHideFlags: 0
  m_CorrespondingSourceObject: {fileID: 0}
  m_PrefabInstance: {fileID: 0}
  m_PrefabAsset: {fileID: 0}
  serializedVersion: 6
  m_Component:
  - component: {fileID: 1018013504}
  m_Layer: 0
  m_Name: --- Level Elements
  m_TagString: Untagged
  m_Icon: {fileID: 0}
  m_NavMeshLayer: 0
  m_StaticEditorFlags: 0
  m_IsActive: 1
--- !u!4 &1018013504
Transform:
  m_ObjectHideFlags: 0
  m_CorrespondingSourceObject: {fileID: 0}
  m_PrefabInstance: {fileID: 0}
  m_PrefabAsset: {fileID: 0}
  m_GameObject: {fileID: 1018013503}
  m_LocalRotation: {x: 0, y: 0, z: 0, w: 1}
  m_LocalPosition: {x: 0, y: 0, z: 0}
  m_LocalScale: {x: 1, y: 1, z: 1}
  m_Children:
  - {fileID: 48269743}
  - {fileID: 1329974475}
  - {fileID: 76486116}
  - {fileID: 676003285}
  - {fileID: 453776630}
  - {fileID: 2126709410}
  - {fileID: 957999030}
  - {fileID: 1543646507}
  m_Father: {fileID: 0}
  m_RootOrder: 1
  m_LocalEulerAnglesHint: {x: 0, y: 0, z: 0}
--- !u!1001 &1089419503
PrefabInstance:
  m_ObjectHideFlags: 0
  serializedVersion: 2
  m_Modification:
    m_TransformParent: {fileID: 1018013504}
    m_Modifications:
    - target: {fileID: 33367039971965068, guid: d0ee6f28281617f4193a4ab9c7d40b65,
        type: 3}
      propertyPath: m_Name
      value: Border Right
      objectReference: {fileID: 0}
    - target: {fileID: 33367039971965071, guid: d0ee6f28281617f4193a4ab9c7d40b65,
        type: 3}
      propertyPath: m_LocalPosition.x
      value: 45
      objectReference: {fileID: 0}
    - target: {fileID: 33367039971965071, guid: d0ee6f28281617f4193a4ab9c7d40b65,
        type: 3}
      propertyPath: m_LocalPosition.y
      value: 1
      objectReference: {fileID: 0}
    - target: {fileID: 33367039971965071, guid: d0ee6f28281617f4193a4ab9c7d40b65,
        type: 3}
      propertyPath: m_LocalPosition.z
      value: 0
      objectReference: {fileID: 0}
    - target: {fileID: 33367039971965071, guid: d0ee6f28281617f4193a4ab9c7d40b65,
        type: 3}
      propertyPath: m_LocalRotation.x
      value: -0
      objectReference: {fileID: 0}
    - target: {fileID: 33367039971965071, guid: d0ee6f28281617f4193a4ab9c7d40b65,
        type: 3}
      propertyPath: m_LocalRotation.y
      value: -0
      objectReference: {fileID: 0}
    - target: {fileID: 33367039971965071, guid: d0ee6f28281617f4193a4ab9c7d40b65,
        type: 3}
      propertyPath: m_LocalRotation.z
      value: -0
      objectReference: {fileID: 0}
    - target: {fileID: 33367039971965071, guid: d0ee6f28281617f4193a4ab9c7d40b65,
        type: 3}
      propertyPath: m_LocalRotation.w
      value: 1
      objectReference: {fileID: 0}
    - target: {fileID: 33367039971965071, guid: d0ee6f28281617f4193a4ab9c7d40b65,
        type: 3}
      propertyPath: m_RootOrder
      value: 7
      objectReference: {fileID: 0}
    - target: {fileID: 33367039971965071, guid: d0ee6f28281617f4193a4ab9c7d40b65,
        type: 3}
      propertyPath: m_LocalEulerAnglesHint.x
      value: 0
      objectReference: {fileID: 0}
    - target: {fileID: 33367039971965071, guid: d0ee6f28281617f4193a4ab9c7d40b65,
        type: 3}
      propertyPath: m_LocalEulerAnglesHint.y
      value: 0
      objectReference: {fileID: 0}
    - target: {fileID: 33367039971965071, guid: d0ee6f28281617f4193a4ab9c7d40b65,
        type: 3}
      propertyPath: m_LocalEulerAnglesHint.z
      value: 0
      objectReference: {fileID: 0}
    m_RemovedComponents: []
  m_SourcePrefab: {fileID: 100100000, guid: d0ee6f28281617f4193a4ab9c7d40b65, type: 3}
--- !u!4 &1160734955 stripped
Transform:
  m_CorrespondingSourceObject: {fileID: 4146743612265276040, guid: cf6389cc28c268d4092c7072cfb9de93,
    type: 3}
  m_PrefabInstance: {fileID: 1539371024}
  m_PrefabAsset: {fileID: 0}
--- !u!1001 &1198195573
PrefabInstance:
  m_ObjectHideFlags: 0
  serializedVersion: 2
  m_Modification:
    m_TransformParent: {fileID: 957999030}
    m_Modifications:
    - target: {fileID: 6578493828739118497, guid: 3e7daa69eb94e224593aa4e8a392dc9f,
        type: 3}
      propertyPath: m_Name
      value: Sink
      objectReference: {fileID: 0}
    - target: {fileID: 6578493828739118501, guid: 3e7daa69eb94e224593aa4e8a392dc9f,
        type: 3}
      propertyPath: m_LocalPosition.x
      value: 2.5
      objectReference: {fileID: 0}
    - target: {fileID: 6578493828739118501, guid: 3e7daa69eb94e224593aa4e8a392dc9f,
        type: 3}
      propertyPath: m_LocalPosition.y
      value: 0
      objectReference: {fileID: 0}
    - target: {fileID: 6578493828739118501, guid: 3e7daa69eb94e224593aa4e8a392dc9f,
        type: 3}
      propertyPath: m_LocalPosition.z
      value: 0
      objectReference: {fileID: 0}
    - target: {fileID: 6578493828739118501, guid: 3e7daa69eb94e224593aa4e8a392dc9f,
        type: 3}
      propertyPath: m_LocalRotation.x
      value: 0
      objectReference: {fileID: 0}
    - target: {fileID: 6578493828739118501, guid: 3e7daa69eb94e224593aa4e8a392dc9f,
        type: 3}
      propertyPath: m_LocalRotation.y
      value: 0
      objectReference: {fileID: 0}
    - target: {fileID: 6578493828739118501, guid: 3e7daa69eb94e224593aa4e8a392dc9f,
        type: 3}
      propertyPath: m_LocalRotation.z
      value: 0
      objectReference: {fileID: 0}
    - target: {fileID: 6578493828739118501, guid: 3e7daa69eb94e224593aa4e8a392dc9f,
        type: 3}
      propertyPath: m_LocalRotation.w
      value: 1
      objectReference: {fileID: 0}
    - target: {fileID: 6578493828739118501, guid: 3e7daa69eb94e224593aa4e8a392dc9f,
        type: 3}
      propertyPath: m_RootOrder
      value: 3
      objectReference: {fileID: 0}
    - target: {fileID: 6578493828739118501, guid: 3e7daa69eb94e224593aa4e8a392dc9f,
        type: 3}
      propertyPath: m_LocalEulerAnglesHint.x
      value: 0
      objectReference: {fileID: 0}
    - target: {fileID: 6578493828739118501, guid: 3e7daa69eb94e224593aa4e8a392dc9f,
        type: 3}
      propertyPath: m_LocalEulerAnglesHint.y
      value: 0
      objectReference: {fileID: 0}
    - target: {fileID: 6578493828739118501, guid: 3e7daa69eb94e224593aa4e8a392dc9f,
        type: 3}
      propertyPath: m_LocalEulerAnglesHint.z
      value: 0
      objectReference: {fileID: 0}
    m_RemovedComponents: []
  m_SourcePrefab: {fileID: 100100000, guid: 3e7daa69eb94e224593aa4e8a392dc9f, type: 3}
--- !u!1001 &1251232542
PrefabInstance:
  m_ObjectHideFlags: 0
  serializedVersion: 2
  m_Modification:
    m_TransformParent: {fileID: 1018013504}
    m_Modifications:
    - target: {fileID: 5104508229273715624, guid: cd508bd1b89d54744971a1ae5463c6ac,
        type: 3}
      propertyPath: m_LocalPosition.x
      value: -5.5
      objectReference: {fileID: 0}
    - target: {fileID: 5104508229273715624, guid: cd508bd1b89d54744971a1ae5463c6ac,
        type: 3}
      propertyPath: m_LocalPosition.y
      value: 0
      objectReference: {fileID: 0}
    - target: {fileID: 5104508229273715624, guid: cd508bd1b89d54744971a1ae5463c6ac,
        type: 3}
      propertyPath: m_LocalPosition.z
      value: 0
      objectReference: {fileID: 0}
    - target: {fileID: 5104508229273715624, guid: cd508bd1b89d54744971a1ae5463c6ac,
        type: 3}
      propertyPath: m_LocalRotation.x
      value: 0
      objectReference: {fileID: 0}
    - target: {fileID: 5104508229273715624, guid: cd508bd1b89d54744971a1ae5463c6ac,
        type: 3}
      propertyPath: m_LocalRotation.y
      value: 0
      objectReference: {fileID: 0}
    - target: {fileID: 5104508229273715624, guid: cd508bd1b89d54744971a1ae5463c6ac,
        type: 3}
      propertyPath: m_LocalRotation.z
      value: 0
      objectReference: {fileID: 0}
    - target: {fileID: 5104508229273715624, guid: cd508bd1b89d54744971a1ae5463c6ac,
        type: 3}
      propertyPath: m_LocalRotation.w
      value: 1
      objectReference: {fileID: 0}
    - target: {fileID: 5104508229273715624, guid: cd508bd1b89d54744971a1ae5463c6ac,
        type: 3}
      propertyPath: m_RootOrder
      value: 1
      objectReference: {fileID: 0}
    - target: {fileID: 5104508229273715624, guid: cd508bd1b89d54744971a1ae5463c6ac,
        type: 3}
      propertyPath: m_LocalEulerAnglesHint.x
      value: 0
      objectReference: {fileID: 0}
    - target: {fileID: 5104508229273715624, guid: cd508bd1b89d54744971a1ae5463c6ac,
        type: 3}
      propertyPath: m_LocalEulerAnglesHint.y
      value: 0
      objectReference: {fileID: 0}
    - target: {fileID: 5104508229273715624, guid: cd508bd1b89d54744971a1ae5463c6ac,
        type: 3}
      propertyPath: m_LocalEulerAnglesHint.z
      value: 0
      objectReference: {fileID: 0}
    - target: {fileID: 5104508229273715671, guid: cd508bd1b89d54744971a1ae5463c6ac,
        type: 3}
      propertyPath: m_Name
      value: Gate Closed Left Variant
      objectReference: {fileID: 0}
    m_RemovedComponents: []
  m_SourcePrefab: {fileID: 100100000, guid: cd508bd1b89d54744971a1ae5463c6ac, type: 3}
--- !u!4 &1329974475 stripped
Transform:
  m_CorrespondingSourceObject: {fileID: 5104508229273715624, guid: cd508bd1b89d54744971a1ae5463c6ac,
    type: 3}
  m_PrefabInstance: {fileID: 1251232542}
  m_PrefabAsset: {fileID: 0}
--- !u!1001 &1510742609
PrefabInstance:
  m_ObjectHideFlags: 0
  serializedVersion: 2
  m_Modification:
    m_TransformParent: {fileID: 1018013504}
    m_Modifications:
    - target: {fileID: 385594180519869942, guid: dce55e2429f81584cbec8136b3ffdc49,
        type: 3}
      propertyPath: m_AnchorMin.y
      value: 0
      objectReference: {fileID: 0}
    - target: {fileID: 385594180519869942, guid: dce55e2429f81584cbec8136b3ffdc49,
        type: 3}
      propertyPath: m_AnchorMax.y
      value: 0
      objectReference: {fileID: 0}
    - target: {fileID: 385594180519869942, guid: dce55e2429f81584cbec8136b3ffdc49,
        type: 3}
      propertyPath: m_AnchoredPosition.x
      value: 0
      objectReference: {fileID: 0}
    - target: {fileID: 385594180519869942, guid: dce55e2429f81584cbec8136b3ffdc49,
        type: 3}
      propertyPath: m_AnchoredPosition.y
      value: 0
      objectReference: {fileID: 0}
    - target: {fileID: 385594180519869942, guid: dce55e2429f81584cbec8136b3ffdc49,
        type: 3}
      propertyPath: m_SizeDelta.y
      value: 0
      objectReference: {fileID: 0}
    - target: {fileID: 708596415320671669, guid: dce55e2429f81584cbec8136b3ffdc49,
        type: 3}
      propertyPath: m_RootOrder
      value: 0
      objectReference: {fileID: 0}
    - target: {fileID: 976870970164623083, guid: dce55e2429f81584cbec8136b3ffdc49,
        type: 3}
      propertyPath: m_IsActive
      value: 1
      objectReference: {fileID: 0}
    - target: {fileID: 1190609848376372130, guid: dce55e2429f81584cbec8136b3ffdc49,
        type: 3}
      propertyPath: m_Enabled
      value: 0
      objectReference: {fileID: 0}
    - target: {fileID: 3309996319469429708, guid: dce55e2429f81584cbec8136b3ffdc49,
        type: 3}
      propertyPath: _itemDefinition
      value: 
      objectReference: {fileID: 11400000, guid: 3bffeebee15c57942af4391cc31005ae,
        type: 2}
    - target: {fileID: 4744021362312428299, guid: dce55e2429f81584cbec8136b3ffdc49,
        type: 3}
      propertyPath: m_LocalPosition.x
      value: 0
      objectReference: {fileID: 0}
    - target: {fileID: 4744021362312428299, guid: dce55e2429f81584cbec8136b3ffdc49,
        type: 3}
      propertyPath: m_LocalPosition.y
      value: 0
      objectReference: {fileID: 0}
    - target: {fileID: 4744021362312428299, guid: dce55e2429f81584cbec8136b3ffdc49,
        type: 3}
      propertyPath: m_LocalPosition.z
      value: 0
      objectReference: {fileID: 0}
    - target: {fileID: 4744021362312428299, guid: dce55e2429f81584cbec8136b3ffdc49,
        type: 3}
      propertyPath: m_LocalRotation.x
      value: -0
      objectReference: {fileID: 0}
    - target: {fileID: 4744021362312428299, guid: dce55e2429f81584cbec8136b3ffdc49,
        type: 3}
      propertyPath: m_LocalRotation.y
      value: -0
      objectReference: {fileID: 0}
    - target: {fileID: 4744021362312428299, guid: dce55e2429f81584cbec8136b3ffdc49,
        type: 3}
      propertyPath: m_LocalRotation.z
      value: -0
      objectReference: {fileID: 0}
    - target: {fileID: 4744021362312428299, guid: dce55e2429f81584cbec8136b3ffdc49,
        type: 3}
      propertyPath: m_LocalRotation.w
      value: 1
      objectReference: {fileID: 0}
    - target: {fileID: 4744021362312428299, guid: dce55e2429f81584cbec8136b3ffdc49,
        type: 3}
      propertyPath: m_RootOrder
      value: 2
      objectReference: {fileID: 0}
    - target: {fileID: 4744021362312428299, guid: dce55e2429f81584cbec8136b3ffdc49,
        type: 3}
      propertyPath: m_LocalEulerAnglesHint.x
      value: 0
      objectReference: {fileID: 0}
    - target: {fileID: 4744021362312428299, guid: dce55e2429f81584cbec8136b3ffdc49,
        type: 3}
      propertyPath: m_LocalEulerAnglesHint.y
      value: 0
      objectReference: {fileID: 0}
    - target: {fileID: 4744021362312428299, guid: dce55e2429f81584cbec8136b3ffdc49,
        type: 3}
      propertyPath: m_LocalEulerAnglesHint.z
      value: 0
      objectReference: {fileID: 0}
    - target: {fileID: 4744021362312428301, guid: dce55e2429f81584cbec8136b3ffdc49,
        type: 3}
      propertyPath: m_Name
      value: Home
      objectReference: {fileID: 0}
    - target: {fileID: 5190277012826688067, guid: dce55e2429f81584cbec8136b3ffdc49,
        type: 3}
      propertyPath: m_AnchorMin.y
      value: 0
      objectReference: {fileID: 0}
    - target: {fileID: 5190277012826688067, guid: dce55e2429f81584cbec8136b3ffdc49,
        type: 3}
      propertyPath: m_AnchorMax.y
      value: 0
      objectReference: {fileID: 0}
    - target: {fileID: 5190277012826688067, guid: dce55e2429f81584cbec8136b3ffdc49,
        type: 3}
      propertyPath: m_AnchoredPosition.x
      value: 0
      objectReference: {fileID: 0}
    - target: {fileID: 5190277012826688067, guid: dce55e2429f81584cbec8136b3ffdc49,
        type: 3}
      propertyPath: m_AnchoredPosition.y
      value: 0
      objectReference: {fileID: 0}
    - target: {fileID: 5190277012826688067, guid: dce55e2429f81584cbec8136b3ffdc49,
        type: 3}
      propertyPath: m_SizeDelta.y
      value: 0
      objectReference: {fileID: 0}
    - target: {fileID: 6584274469124337685, guid: dce55e2429f81584cbec8136b3ffdc49,
        type: 3}
      propertyPath: m_Sprite
      value: 
      objectReference: {fileID: 21300000, guid: 5561945833cfd314494441f143bddca5,
        type: 3}
    - target: {fileID: 6602936662193409667, guid: dce55e2429f81584cbec8136b3ffdc49,
        type: 3}
      propertyPath: m_LocalPosition.x
      value: -0.61
      objectReference: {fileID: 0}
    - target: {fileID: 6602936662193409667, guid: dce55e2429f81584cbec8136b3ffdc49,
        type: 3}
      propertyPath: m_LocalPosition.y
      value: 0.1
      objectReference: {fileID: 0}
    - target: {fileID: 7788110971195863299, guid: dce55e2429f81584cbec8136b3ffdc49,
        type: 3}
      propertyPath: m_SizeDelta.x
      value: 0
      objectReference: {fileID: 0}
    - target: {fileID: 8726113841706156946, guid: dce55e2429f81584cbec8136b3ffdc49,
        type: 3}
      propertyPath: m_RootOrder
      value: 1
      objectReference: {fileID: 0}
    m_RemovedComponents: []
  m_SourcePrefab: {fileID: 100100000, guid: dce55e2429f81584cbec8136b3ffdc49, type: 3}
--- !u!1001 &1539371024
PrefabInstance:
  m_ObjectHideFlags: 0
  serializedVersion: 2
  m_Modification:
    m_TransformParent: {fileID: 1018013504}
    m_Modifications:
    - target: {fileID: 5556892234660614789, guid: cf6389cc28c268d4092c7072cfb9de93,
        type: 3}
      propertyPath: Closed
      value: 
      objectReference: {fileID: 50105257}
    - target: {fileID: 6116880058983412876, guid: cf6389cc28c268d4092c7072cfb9de93,
        type: 3}
      propertyPath: m_LocalPosition.x
      value: 35
      objectReference: {fileID: 0}
    - target: {fileID: 6116880058983412876, guid: cf6389cc28c268d4092c7072cfb9de93,
        type: 3}
      propertyPath: m_LocalPosition.y
      value: 0
      objectReference: {fileID: 0}
    - target: {fileID: 6116880058983412876, guid: cf6389cc28c268d4092c7072cfb9de93,
        type: 3}
      propertyPath: m_LocalPosition.z
      value: 0
      objectReference: {fileID: 0}
    - target: {fileID: 6116880058983412876, guid: cf6389cc28c268d4092c7072cfb9de93,
        type: 3}
      propertyPath: m_LocalRotation.x
      value: 0
      objectReference: {fileID: 0}
    - target: {fileID: 6116880058983412876, guid: cf6389cc28c268d4092c7072cfb9de93,
        type: 3}
      propertyPath: m_LocalRotation.y
      value: 0
      objectReference: {fileID: 0}
    - target: {fileID: 6116880058983412876, guid: cf6389cc28c268d4092c7072cfb9de93,
        type: 3}
      propertyPath: m_LocalRotation.z
      value: 0
      objectReference: {fileID: 0}
    - target: {fileID: 6116880058983412876, guid: cf6389cc28c268d4092c7072cfb9de93,
        type: 3}
      propertyPath: m_LocalRotation.w
      value: 1
      objectReference: {fileID: 0}
    - target: {fileID: 6116880058983412876, guid: cf6389cc28c268d4092c7072cfb9de93,
        type: 3}
      propertyPath: m_RootOrder
      value: 6
      objectReference: {fileID: 0}
    - target: {fileID: 6116880058983412876, guid: cf6389cc28c268d4092c7072cfb9de93,
        type: 3}
      propertyPath: m_LocalEulerAnglesHint.x
      value: 0
      objectReference: {fileID: 0}
    - target: {fileID: 6116880058983412876, guid: cf6389cc28c268d4092c7072cfb9de93,
        type: 3}
      propertyPath: m_LocalEulerAnglesHint.y
      value: 0
      objectReference: {fileID: 0}
    - target: {fileID: 6116880058983412876, guid: cf6389cc28c268d4092c7072cfb9de93,
        type: 3}
      propertyPath: m_LocalEulerAnglesHint.z
      value: 0
      objectReference: {fileID: 0}
    - target: {fileID: 6116880058983412878, guid: cf6389cc28c268d4092c7072cfb9de93,
        type: 3}
      propertyPath: m_Name
      value: Supermarket
      objectReference: {fileID: 0}
    m_RemovedComponents: []
  m_SourcePrefab: {fileID: 100100000, guid: cf6389cc28c268d4092c7072cfb9de93, type: 3}
--- !u!4 &1543646507 stripped
Transform:
  m_CorrespondingSourceObject: {fileID: 33367039971965071, guid: d0ee6f28281617f4193a4ab9c7d40b65,
    type: 3}
  m_PrefabInstance: {fileID: 1089419503}
  m_PrefabAsset: {fileID: 0}
--- !u!1001 &1773335239
PrefabInstance:
  m_ObjectHideFlags: 0
  serializedVersion: 2
  m_Modification:
    m_TransformParent: {fileID: 0}
    m_Modifications:
    - target: {fileID: 1566169944981463276, guid: 503186f6c60e8d648970f7d6d459dbf9,
        type: 3}
      propertyPath: m_LocalPosition.x
      value: 0
      objectReference: {fileID: 0}
    - target: {fileID: 1566169944981463276, guid: 503186f6c60e8d648970f7d6d459dbf9,
        type: 3}
      propertyPath: m_LocalPosition.y
      value: 0
      objectReference: {fileID: 0}
    - target: {fileID: 1566169944981463276, guid: 503186f6c60e8d648970f7d6d459dbf9,
        type: 3}
      propertyPath: m_LocalPosition.z
      value: 0
      objectReference: {fileID: 0}
    - target: {fileID: 1566169944981463276, guid: 503186f6c60e8d648970f7d6d459dbf9,
        type: 3}
      propertyPath: m_LocalRotation.x
      value: 0
      objectReference: {fileID: 0}
    - target: {fileID: 1566169944981463276, guid: 503186f6c60e8d648970f7d6d459dbf9,
        type: 3}
      propertyPath: m_LocalRotation.y
      value: 0
      objectReference: {fileID: 0}
    - target: {fileID: 1566169944981463276, guid: 503186f6c60e8d648970f7d6d459dbf9,
        type: 3}
      propertyPath: m_LocalRotation.z
      value: 0
      objectReference: {fileID: 0}
    - target: {fileID: 1566169944981463276, guid: 503186f6c60e8d648970f7d6d459dbf9,
        type: 3}
      propertyPath: m_LocalRotation.w
      value: 1
      objectReference: {fileID: 0}
    - target: {fileID: 1566169944981463276, guid: 503186f6c60e8d648970f7d6d459dbf9,
        type: 3}
      propertyPath: m_RootOrder
      value: 0
      objectReference: {fileID: 0}
    - target: {fileID: 1566169944981463276, guid: 503186f6c60e8d648970f7d6d459dbf9,
        type: 3}
      propertyPath: m_LocalEulerAnglesHint.x
      value: 0
      objectReference: {fileID: 0}
    - target: {fileID: 1566169944981463276, guid: 503186f6c60e8d648970f7d6d459dbf9,
        type: 3}
      propertyPath: m_LocalEulerAnglesHint.y
      value: 0
      objectReference: {fileID: 0}
    - target: {fileID: 1566169944981463276, guid: 503186f6c60e8d648970f7d6d459dbf9,
        type: 3}
      propertyPath: m_LocalEulerAnglesHint.z
      value: 0
      objectReference: {fileID: 0}
    - target: {fileID: 1566169944981463279, guid: 503186f6c60e8d648970f7d6d459dbf9,
        type: 3}
      propertyPath: m_Name
      value: --- Level Manager
      objectReference: {fileID: 0}
    - target: {fileID: 7125507532560033366, guid: 503186f6c60e8d648970f7d6d459dbf9,
        type: 3}
      propertyPath: m_Name
      value: LevelStartEvent
      objectReference: {fileID: 0}
    m_RemovedComponents: []
  m_SourcePrefab: {fileID: 100100000, guid: 503186f6c60e8d648970f7d6d459dbf9, type: 3}
--- !u!4 &1797087645 stripped
Transform:
  m_CorrespondingSourceObject: {fileID: 4146743612265276040, guid: a92af324fc6da544ab2deda0101657f9,
    type: 3}
  m_PrefabInstance: {fileID: 1889798276}
  m_PrefabAsset: {fileID: 0}
--- !u!1001 &1889798276
PrefabInstance:
  m_ObjectHideFlags: 0
  serializedVersion: 2
  m_Modification:
    m_TransformParent: {fileID: 1018013504}
    m_Modifications:
    - target: {fileID: 6116880058983412876, guid: a92af324fc6da544ab2deda0101657f9,
        type: 3}
      propertyPath: m_LocalPosition.x
      value: 19
      objectReference: {fileID: 0}
    - target: {fileID: 6116880058983412876, guid: a92af324fc6da544ab2deda0101657f9,
        type: 3}
      propertyPath: m_LocalPosition.y
      value: 0
      objectReference: {fileID: 0}
    - target: {fileID: 6116880058983412876, guid: a92af324fc6da544ab2deda0101657f9,
        type: 3}
      propertyPath: m_LocalPosition.z
      value: 0
      objectReference: {fileID: 0}
    - target: {fileID: 6116880058983412876, guid: a92af324fc6da544ab2deda0101657f9,
        type: 3}
      propertyPath: m_LocalRotation.x
      value: 0
      objectReference: {fileID: 0}
    - target: {fileID: 6116880058983412876, guid: a92af324fc6da544ab2deda0101657f9,
        type: 3}
      propertyPath: m_LocalRotation.y
      value: 0
      objectReference: {fileID: 0}
    - target: {fileID: 6116880058983412876, guid: a92af324fc6da544ab2deda0101657f9,
        type: 3}
      propertyPath: m_LocalRotation.z
      value: 0
      objectReference: {fileID: 0}
    - target: {fileID: 6116880058983412876, guid: a92af324fc6da544ab2deda0101657f9,
        type: 3}
      propertyPath: m_LocalRotation.w
      value: 1
      objectReference: {fileID: 0}
    - target: {fileID: 6116880058983412876, guid: a92af324fc6da544ab2deda0101657f9,
        type: 3}
      propertyPath: m_RootOrder
      value: 5
      objectReference: {fileID: 0}
    - target: {fileID: 6116880058983412876, guid: a92af324fc6da544ab2deda0101657f9,
        type: 3}
      propertyPath: m_LocalEulerAnglesHint.x
      value: 0
      objectReference: {fileID: 0}
    - target: {fileID: 6116880058983412876, guid: a92af324fc6da544ab2deda0101657f9,
        type: 3}
      propertyPath: m_LocalEulerAnglesHint.y
      value: 0
      objectReference: {fileID: 0}
    - target: {fileID: 6116880058983412876, guid: a92af324fc6da544ab2deda0101657f9,
        type: 3}
      propertyPath: m_LocalEulerAnglesHint.z
      value: 0
      objectReference: {fileID: 0}
    - target: {fileID: 6116880058983412878, guid: a92af324fc6da544ab2deda0101657f9,
        type: 3}
      propertyPath: m_Name
      value: Pharmacy
      objectReference: {fileID: 0}
    m_RemovedComponents: []
  m_SourcePrefab: {fileID: 100100000, guid: a92af324fc6da544ab2deda0101657f9, type: 3}
--- !u!1001 &1904889111
PrefabInstance:
  m_ObjectHideFlags: 0
  serializedVersion: 2
  m_Modification:
    m_TransformParent: {fileID: 1160734955}
    m_Modifications:
    - target: {fileID: 5941874131494775951, guid: 2a82fa30db433ea40a262a9f0bc8ddc5,
        type: 3}
      propertyPath: m_Name
      value: ItemContainer
      objectReference: {fileID: 0}
    - target: {fileID: 8402164598561741575, guid: 2a82fa30db433ea40a262a9f0bc8ddc5,
        type: 3}
      propertyPath: m_LocalPosition.x
      value: 4
      objectReference: {fileID: 0}
    - target: {fileID: 8402164598561741575, guid: 2a82fa30db433ea40a262a9f0bc8ddc5,
        type: 3}
      propertyPath: m_LocalPosition.y
      value: 1.5
      objectReference: {fileID: 0}
    - target: {fileID: 8402164598561741575, guid: 2a82fa30db433ea40a262a9f0bc8ddc5,
        type: 3}
      propertyPath: m_LocalPosition.z
      value: 0
      objectReference: {fileID: 0}
    - target: {fileID: 8402164598561741575, guid: 2a82fa30db433ea40a262a9f0bc8ddc5,
        type: 3}
      propertyPath: m_LocalRotation.x
      value: -0
      objectReference: {fileID: 0}
    - target: {fileID: 8402164598561741575, guid: 2a82fa30db433ea40a262a9f0bc8ddc5,
        type: 3}
      propertyPath: m_LocalRotation.y
      value: -0
      objectReference: {fileID: 0}
    - target: {fileID: 8402164598561741575, guid: 2a82fa30db433ea40a262a9f0bc8ddc5,
        type: 3}
      propertyPath: m_LocalRotation.z
      value: -0
      objectReference: {fileID: 0}
    - target: {fileID: 8402164598561741575, guid: 2a82fa30db433ea40a262a9f0bc8ddc5,
        type: 3}
      propertyPath: m_LocalRotation.w
      value: 1
      objectReference: {fileID: 0}
    - target: {fileID: 8402164598561741575, guid: 2a82fa30db433ea40a262a9f0bc8ddc5,
        type: 3}
      propertyPath: m_RootOrder
      value: 2
      objectReference: {fileID: 0}
    - target: {fileID: 8402164598561741575, guid: 2a82fa30db433ea40a262a9f0bc8ddc5,
        type: 3}
      propertyPath: m_LocalEulerAnglesHint.x
      value: 0
      objectReference: {fileID: 0}
    - target: {fileID: 8402164598561741575, guid: 2a82fa30db433ea40a262a9f0bc8ddc5,
        type: 3}
      propertyPath: m_LocalEulerAnglesHint.y
      value: 0
      objectReference: {fileID: 0}
    - target: {fileID: 8402164598561741575, guid: 2a82fa30db433ea40a262a9f0bc8ddc5,
        type: 3}
      propertyPath: m_LocalEulerAnglesHint.z
      value: 0
      objectReference: {fileID: 0}
    - target: {fileID: 8432910190606513258, guid: 2a82fa30db433ea40a262a9f0bc8ddc5,
        type: 3}
      propertyPath: _itemDefinition
      value: 
      objectReference: {fileID: 11400000, guid: 9bcf57dabde3e084c9cf5c69c8c1bd1b,
        type: 2}
    - target: {fileID: 8435163096788399883, guid: 2a82fa30db433ea40a262a9f0bc8ddc5,
        type: 3}
      propertyPath: m_Sprite
      value: 
      objectReference: {fileID: 21300000, guid: 8598796fbe2fdf94290dd729b5b8cac9,
        type: 3}
    - target: {fileID: 8890420341233605385, guid: 2a82fa30db433ea40a262a9f0bc8ddc5,
        type: 3}
      propertyPath: m_LocalPosition.y
      value: 0
      objectReference: {fileID: 0}
    m_RemovedComponents: []
  m_SourcePrefab: {fileID: 100100000, guid: 2a82fa30db433ea40a262a9f0bc8ddc5, type: 3}
--- !u!4 &2126709410 stripped
Transform:
  m_CorrespondingSourceObject: {fileID: 6116880058983412876, guid: a92af324fc6da544ab2deda0101657f9,
    type: 3}
  m_PrefabInstance: {fileID: 1889798276}
  m_PrefabAsset: {fileID: 0}
