%YAML 1.1
%TAG !u! tag:unity3d.com,2011:
--- !u!29 &1
OcclusionCullingSettings:
  m_ObjectHideFlags: 0
  serializedVersion: 2
  m_OcclusionBakeSettings:
    smallestOccluder: 5
    smallestHole: 0.25
    backfaceThreshold: 100
  m_SceneGUID: 00000000000000000000000000000000
  m_OcclusionCullingData: {fileID: 0}
--- !u!104 &2
RenderSettings:
  m_ObjectHideFlags: 0
  serializedVersion: 9
  m_Fog: 0
  m_FogColor: {r: 0.5, g: 0.5, b: 0.5, a: 1}
  m_FogMode: 3
  m_FogDensity: 0.01
  m_LinearFogStart: 0
  m_LinearFogEnd: 300
  m_AmbientSkyColor: {r: 0.212, g: 0.227, b: 0.259, a: 1}
  m_AmbientEquatorColor: {r: 0.114, g: 0.125, b: 0.133, a: 1}
  m_AmbientGroundColor: {r: 0.047, g: 0.043, b: 0.035, a: 1}
  m_AmbientIntensity: 1
  m_AmbientMode: 3
  m_SubtractiveShadowColor: {r: 0.42, g: 0.478, b: 0.627, a: 1}
  m_SkyboxMaterial: {fileID: 0}
  m_HaloStrength: 0.5
  m_FlareStrength: 1
  m_FlareFadeSpeed: 3
  m_HaloTexture: {fileID: 0}
  m_SpotCookie: {fileID: 10001, guid: 0000000000000000e000000000000000, type: 0}
  m_DefaultReflectionMode: 0
  m_DefaultReflectionResolution: 128
  m_ReflectionBounces: 1
  m_ReflectionIntensity: 1
  m_CustomReflection: {fileID: 0}
  m_Sun: {fileID: 0}
  m_IndirectSpecularColor: {r: 0, g: 0, b: 0, a: 1}
  m_UseRadianceAmbientProbe: 0
--- !u!157 &3
LightmapSettings:
  m_ObjectHideFlags: 0
  serializedVersion: 11
  m_GIWorkflowMode: 1
  m_GISettings:
    serializedVersion: 2
    m_BounceScale: 1
    m_IndirectOutputScale: 1
    m_AlbedoBoost: 1
    m_EnvironmentLightingMode: 0
    m_EnableBakedLightmaps: 0
    m_EnableRealtimeLightmaps: 0
  m_LightmapEditorSettings:
    serializedVersion: 12
    m_Resolution: 2
    m_BakeResolution: 40
    m_AtlasSize: 1024
    m_AO: 0
    m_AOMaxDistance: 1
    m_CompAOExponent: 1
    m_CompAOExponentDirect: 0
    m_ExtractAmbientOcclusion: 0
    m_Padding: 2
    m_LightmapParameters: {fileID: 0}
    m_LightmapsBakeMode: 1
    m_TextureCompression: 1
    m_FinalGather: 0
    m_FinalGatherFiltering: 1
    m_FinalGatherRayCount: 256
    m_ReflectionCompression: 2
    m_MixedBakeMode: 2
    m_BakeBackend: 1
    m_PVRSampling: 1
    m_PVRDirectSampleCount: 32
    m_PVRSampleCount: 512
    m_PVRBounces: 2
    m_PVREnvironmentSampleCount: 256
    m_PVREnvironmentReferencePointCount: 2048
    m_PVRFilteringMode: 1
    m_PVRDenoiserTypeDirect: 1
    m_PVRDenoiserTypeIndirect: 1
    m_PVRDenoiserTypeAO: 1
    m_PVRFilterTypeDirect: 0
    m_PVRFilterTypeIndirect: 0
    m_PVRFilterTypeAO: 0
    m_PVREnvironmentMIS: 1
    m_PVRCulling: 1
    m_PVRFilteringGaussRadiusDirect: 1
    m_PVRFilteringGaussRadiusIndirect: 5
    m_PVRFilteringGaussRadiusAO: 2
    m_PVRFilteringAtrousPositionSigmaDirect: 0.5
    m_PVRFilteringAtrousPositionSigmaIndirect: 2
    m_PVRFilteringAtrousPositionSigmaAO: 1
    m_ExportTrainingData: 0
    m_TrainingDataDestination: TrainingData
    m_LightProbeSampleCountMultiplier: 4
  m_LightingDataAsset: {fileID: 0}
  m_UseShadowmask: 1
--- !u!196 &4
NavMeshSettings:
  serializedVersion: 2
  m_ObjectHideFlags: 0
  m_BuildSettings:
    serializedVersion: 2
    agentTypeID: 0
    agentRadius: 0.5
    agentHeight: 2
    agentSlope: 45
    agentClimb: 0.4
    ledgeDropHeight: 0
    maxJumpAcrossDistance: 0
    minRegionArea: 2
    manualCellSize: 0
    cellSize: 0.16666667
    manualTileSize: 0
    tileSize: 256
    accuratePlacement: 0
    debug:
      m_Flags: 0
  m_NavMeshData: {fileID: 0}
--- !u!4 &68109395 stripped
Transform:
  m_CorrespondingSourceObject: {fileID: 1599643071884365589, guid: 94b74fe3e90bfd145897e5d63889141c,
    type: 3}
  m_PrefabInstance: {fileID: 1487724295}
  m_PrefabAsset: {fileID: 0}
--- !u!1001 &76486114
PrefabInstance:
  m_ObjectHideFlags: 0
  serializedVersion: 2
  m_Modification:
    m_TransformParent: {fileID: 1018013504}
    m_Modifications:
    - target: {fileID: 3308043766253021282, guid: 07bdca6bbb827594ea0dc1f78435d2e4,
        type: 3}
      propertyPath: m_Name
      value: Lisa
      objectReference: {fileID: 0}
    - target: {fileID: 3308043766253021283, guid: 07bdca6bbb827594ea0dc1f78435d2e4,
        type: 3}
      propertyPath: m_LocalPosition.x
      value: 0
      objectReference: {fileID: 0}
    - target: {fileID: 3308043766253021283, guid: 07bdca6bbb827594ea0dc1f78435d2e4,
        type: 3}
      propertyPath: m_LocalPosition.y
      value: 0
      objectReference: {fileID: 0}
    - target: {fileID: 3308043766253021283, guid: 07bdca6bbb827594ea0dc1f78435d2e4,
        type: 3}
      propertyPath: m_LocalPosition.z
      value: 0
      objectReference: {fileID: 0}
    - target: {fileID: 3308043766253021283, guid: 07bdca6bbb827594ea0dc1f78435d2e4,
        type: 3}
      propertyPath: m_LocalRotation.x
      value: -0
      objectReference: {fileID: 0}
    - target: {fileID: 3308043766253021283, guid: 07bdca6bbb827594ea0dc1f78435d2e4,
        type: 3}
      propertyPath: m_LocalRotation.y
      value: -0
      objectReference: {fileID: 0}
    - target: {fileID: 3308043766253021283, guid: 07bdca6bbb827594ea0dc1f78435d2e4,
        type: 3}
      propertyPath: m_LocalRotation.z
      value: -0
      objectReference: {fileID: 0}
    - target: {fileID: 3308043766253021283, guid: 07bdca6bbb827594ea0dc1f78435d2e4,
        type: 3}
      propertyPath: m_LocalRotation.w
      value: 1
      objectReference: {fileID: 0}
    - target: {fileID: 3308043766253021283, guid: 07bdca6bbb827594ea0dc1f78435d2e4,
        type: 3}
      propertyPath: m_RootOrder
      value: 3
      objectReference: {fileID: 0}
    - target: {fileID: 3308043766253021283, guid: 07bdca6bbb827594ea0dc1f78435d2e4,
        type: 3}
      propertyPath: m_LocalEulerAnglesHint.x
      value: 0
      objectReference: {fileID: 0}
    - target: {fileID: 3308043766253021283, guid: 07bdca6bbb827594ea0dc1f78435d2e4,
        type: 3}
      propertyPath: m_LocalEulerAnglesHint.y
      value: 0
      objectReference: {fileID: 0}
    - target: {fileID: 3308043766253021283, guid: 07bdca6bbb827594ea0dc1f78435d2e4,
        type: 3}
      propertyPath: m_LocalEulerAnglesHint.z
      value: 0
      objectReference: {fileID: 0}
    m_RemovedComponents: []
  m_SourcePrefab: {fileID: 100100000, guid: 07bdca6bbb827594ea0dc1f78435d2e4, type: 3}
--- !u!4 &76486116 stripped
Transform:
  m_CorrespondingSourceObject: {fileID: 4744021362312428299, guid: dce55e2429f81584cbec8136b3ffdc49,
    type: 3}
  m_PrefabInstance: {fileID: 1510742609}
  m_PrefabAsset: {fileID: 0}
--- !u!4 &146728413 stripped
Transform:
  m_CorrespondingSourceObject: {fileID: 8402164598561741575, guid: 2a82fa30db433ea40a262a9f0bc8ddc5,
    type: 3}
  m_PrefabInstance: {fileID: 690855948}
  m_PrefabAsset: {fileID: 0}
--- !u!4 &331654677 stripped
Transform:
  m_CorrespondingSourceObject: {fileID: 1599643071884365589, guid: 94b74fe3e90bfd145897e5d63889141c,
    type: 3}
  m_PrefabInstance: {fileID: 1308856057}
  m_PrefabAsset: {fileID: 0}
--- !u!1001 &407467915
PrefabInstance:
  m_ObjectHideFlags: 0
  serializedVersion: 2
  m_Modification:
    m_TransformParent: {fileID: 1018013504}
    m_Modifications:
    - target: {fileID: 274662464867103229, guid: cf6389cc28c268d4092c7072cfb9de93,
        type: 3}
      propertyPath: m_RootOrder
      value: 2
      objectReference: {fileID: 0}
    - target: {fileID: 274662464867103229, guid: cf6389cc28c268d4092c7072cfb9de93,
        type: 3}
      propertyPath: m_LocalPosition.x
      value: -2
      objectReference: {fileID: 0}
    - target: {fileID: 414400890481659276, guid: cf6389cc28c268d4092c7072cfb9de93,
        type: 3}
      propertyPath: m_RootOrder
      value: 0
      objectReference: {fileID: 0}
    - target: {fileID: 570190073149598147, guid: cf6389cc28c268d4092c7072cfb9de93,
        type: 3}
      propertyPath: m_RootOrder
      value: 1
      objectReference: {fileID: 0}
    - target: {fileID: 2248392170398762226, guid: cf6389cc28c268d4092c7072cfb9de93,
        type: 3}
      propertyPath: m_SizeDelta.x
      value: 0
      objectReference: {fileID: 0}
    - target: {fileID: 4146743612265276040, guid: cf6389cc28c268d4092c7072cfb9de93,
        type: 3}
      propertyPath: m_RootOrder
      value: 1
      objectReference: {fileID: 0}
    - target: {fileID: 4260572510136434610, guid: cf6389cc28c268d4092c7072cfb9de93,
        type: 3}
      propertyPath: m_AnchorMin.y
      value: 0
      objectReference: {fileID: 0}
    - target: {fileID: 4260572510136434610, guid: cf6389cc28c268d4092c7072cfb9de93,
        type: 3}
      propertyPath: m_AnchorMax.y
      value: 0
      objectReference: {fileID: 0}
    - target: {fileID: 4260572510136434610, guid: cf6389cc28c268d4092c7072cfb9de93,
        type: 3}
      propertyPath: m_AnchoredPosition.x
      value: 0
      objectReference: {fileID: 0}
    - target: {fileID: 4260572510136434610, guid: cf6389cc28c268d4092c7072cfb9de93,
        type: 3}
      propertyPath: m_AnchoredPosition.y
      value: 0
      objectReference: {fileID: 0}
    - target: {fileID: 4260572510136434610, guid: cf6389cc28c268d4092c7072cfb9de93,
        type: 3}
      propertyPath: m_SizeDelta.y
      value: 0
      objectReference: {fileID: 0}
    - target: {fileID: 5556892234660614789, guid: cf6389cc28c268d4092c7072cfb9de93,
        type: 3}
      propertyPath: Closed
      value: 
      objectReference: {fileID: 0}
    - target: {fileID: 6116880058983412876, guid: cf6389cc28c268d4092c7072cfb9de93,
        type: 3}
      propertyPath: m_LocalPosition.x
      value: 45
      objectReference: {fileID: 0}
    - target: {fileID: 6116880058983412876, guid: cf6389cc28c268d4092c7072cfb9de93,
        type: 3}
      propertyPath: m_LocalPosition.y
      value: 0
      objectReference: {fileID: 0}
    - target: {fileID: 6116880058983412876, guid: cf6389cc28c268d4092c7072cfb9de93,
        type: 3}
      propertyPath: m_LocalPosition.z
      value: 0
      objectReference: {fileID: 0}
    - target: {fileID: 6116880058983412876, guid: cf6389cc28c268d4092c7072cfb9de93,
        type: 3}
      propertyPath: m_LocalRotation.x
      value: 0
      objectReference: {fileID: 0}
    - target: {fileID: 6116880058983412876, guid: cf6389cc28c268d4092c7072cfb9de93,
        type: 3}
      propertyPath: m_LocalRotation.y
      value: 0
      objectReference: {fileID: 0}
    - target: {fileID: 6116880058983412876, guid: cf6389cc28c268d4092c7072cfb9de93,
        type: 3}
      propertyPath: m_LocalRotation.z
      value: 0
      objectReference: {fileID: 0}
    - target: {fileID: 6116880058983412876, guid: cf6389cc28c268d4092c7072cfb9de93,
        type: 3}
      propertyPath: m_LocalRotation.w
      value: 1
      objectReference: {fileID: 0}
    - target: {fileID: 6116880058983412876, guid: cf6389cc28c268d4092c7072cfb9de93,
        type: 3}
      propertyPath: m_RootOrder
      value: 10
      objectReference: {fileID: 0}
    - target: {fileID: 6116880058983412876, guid: cf6389cc28c268d4092c7072cfb9de93,
        type: 3}
      propertyPath: m_LocalEulerAnglesHint.x
      value: 0
      objectReference: {fileID: 0}
    - target: {fileID: 6116880058983412876, guid: cf6389cc28c268d4092c7072cfb9de93,
        type: 3}
      propertyPath: m_LocalEulerAnglesHint.y
      value: 0
      objectReference: {fileID: 0}
    - target: {fileID: 6116880058983412876, guid: cf6389cc28c268d4092c7072cfb9de93,
        type: 3}
      propertyPath: m_LocalEulerAnglesHint.z
      value: 0
      objectReference: {fileID: 0}
    - target: {fileID: 6116880058983412876, guid: cf6389cc28c268d4092c7072cfb9de93,
        type: 3}
      propertyPath: m_LocalScale.x
      value: 1
      objectReference: {fileID: 0}
    - target: {fileID: 6116880058983412876, guid: cf6389cc28c268d4092c7072cfb9de93,
        type: 3}
      propertyPath: m_LocalScale.y
      value: 1
      objectReference: {fileID: 0}
    - target: {fileID: 6116880058983412876, guid: cf6389cc28c268d4092c7072cfb9de93,
        type: 3}
      propertyPath: m_LocalScale.z
      value: 1
      objectReference: {fileID: 0}
    - target: {fileID: 6116880058983412878, guid: cf6389cc28c268d4092c7072cfb9de93,
        type: 3}
      propertyPath: m_Name
      value: Supermarket
      objectReference: {fileID: 0}
    - target: {fileID: 6890516390002843756, guid: cf6389cc28c268d4092c7072cfb9de93,
        type: 3}
      propertyPath: m_RootOrder
      value: 2
      objectReference: {fileID: 0}
    - target: {fileID: 8179884162642954439, guid: cf6389cc28c268d4092c7072cfb9de93,
        type: 3}
      propertyPath: m_RootOrder
      value: 0
      objectReference: {fileID: 0}
    - target: {fileID: 8205702713112791932, guid: cf6389cc28c268d4092c7072cfb9de93,
        type: 3}
      propertyPath: m_RootOrder
      value: 2
      objectReference: {fileID: 0}
    m_RemovedComponents: []
  m_SourcePrefab: {fileID: 100100000, guid: cf6389cc28c268d4092c7072cfb9de93, type: 3}
--- !u!1001 &566359824
PrefabInstance:
  m_ObjectHideFlags: 0
  serializedVersion: 2
  m_Modification:
    m_TransformParent: {fileID: 1020597745}
    m_Modifications:
    - target: {fileID: 4690300004346631171, guid: 2a82fa30db433ea40a262a9f0bc8ddc5,
        type: 3}
      propertyPath: m_SizeDelta.x
      value: 0
      objectReference: {fileID: 0}
    - target: {fileID: 4690300004346631171, guid: 2a82fa30db433ea40a262a9f0bc8ddc5,
        type: 3}
      propertyPath: m_SizeDelta.y
      value: 0
      objectReference: {fileID: 0}
    - target: {fileID: 5941874131494775951, guid: 2a82fa30db433ea40a262a9f0bc8ddc5,
        type: 3}
      propertyPath: m_Name
      value: ItemContainer
      objectReference: {fileID: 0}
    - target: {fileID: 7279004311860981571, guid: 2a82fa30db433ea40a262a9f0bc8ddc5,
        type: 3}
      propertyPath: m_AnchorMin.y
      value: 0
      objectReference: {fileID: 0}
    - target: {fileID: 7279004311860981571, guid: 2a82fa30db433ea40a262a9f0bc8ddc5,
        type: 3}
      propertyPath: m_AnchorMax.y
      value: 0
      objectReference: {fileID: 0}
    - target: {fileID: 7279004311860981571, guid: 2a82fa30db433ea40a262a9f0bc8ddc5,
        type: 3}
      propertyPath: m_AnchoredPosition.x
      value: 0
      objectReference: {fileID: 0}
    - target: {fileID: 7279004311860981571, guid: 2a82fa30db433ea40a262a9f0bc8ddc5,
        type: 3}
      propertyPath: m_AnchoredPosition.y
      value: 0
      objectReference: {fileID: 0}
    - target: {fileID: 7279004311860981571, guid: 2a82fa30db433ea40a262a9f0bc8ddc5,
        type: 3}
      propertyPath: m_SizeDelta.y
      value: 0
      objectReference: {fileID: 0}
    - target: {fileID: 8402164598561741575, guid: 2a82fa30db433ea40a262a9f0bc8ddc5,
        type: 3}
      propertyPath: m_LocalPosition.x
      value: 4
      objectReference: {fileID: 0}
    - target: {fileID: 8402164598561741575, guid: 2a82fa30db433ea40a262a9f0bc8ddc5,
        type: 3}
      propertyPath: m_LocalPosition.y
      value: 2
      objectReference: {fileID: 0}
    - target: {fileID: 8402164598561741575, guid: 2a82fa30db433ea40a262a9f0bc8ddc5,
        type: 3}
      propertyPath: m_LocalPosition.z
      value: 0
      objectReference: {fileID: 0}
    - target: {fileID: 8402164598561741575, guid: 2a82fa30db433ea40a262a9f0bc8ddc5,
        type: 3}
      propertyPath: m_LocalRotation.x
      value: -0
      objectReference: {fileID: 0}
    - target: {fileID: 8402164598561741575, guid: 2a82fa30db433ea40a262a9f0bc8ddc5,
        type: 3}
      propertyPath: m_LocalRotation.y
      value: -0
      objectReference: {fileID: 0}
    - target: {fileID: 8402164598561741575, guid: 2a82fa30db433ea40a262a9f0bc8ddc5,
        type: 3}
      propertyPath: m_LocalRotation.z
      value: -0
      objectReference: {fileID: 0}
    - target: {fileID: 8402164598561741575, guid: 2a82fa30db433ea40a262a9f0bc8ddc5,
        type: 3}
      propertyPath: m_LocalRotation.w
      value: 1
      objectReference: {fileID: 0}
    - target: {fileID: 8402164598561741575, guid: 2a82fa30db433ea40a262a9f0bc8ddc5,
        type: 3}
      propertyPath: m_RootOrder
      value: 0
      objectReference: {fileID: 0}
    - target: {fileID: 8402164598561741575, guid: 2a82fa30db433ea40a262a9f0bc8ddc5,
        type: 3}
      propertyPath: m_LocalEulerAnglesHint.x
      value: 0
      objectReference: {fileID: 0}
    - target: {fileID: 8402164598561741575, guid: 2a82fa30db433ea40a262a9f0bc8ddc5,
        type: 3}
      propertyPath: m_LocalEulerAnglesHint.y
      value: 0
      objectReference: {fileID: 0}
    - target: {fileID: 8402164598561741575, guid: 2a82fa30db433ea40a262a9f0bc8ddc5,
        type: 3}
      propertyPath: m_LocalEulerAnglesHint.z
      value: 0
      objectReference: {fileID: 0}
    - target: {fileID: 8432910190606513258, guid: 2a82fa30db433ea40a262a9f0bc8ddc5,
        type: 3}
      propertyPath: _itemDefinition
      value: 
      objectReference: {fileID: 11400000, guid: 7c5d1496ffe05d9489e7e6ad18321d81,
        type: 2}
    - target: {fileID: 8435163096788399883, guid: 2a82fa30db433ea40a262a9f0bc8ddc5,
        type: 3}
      propertyPath: m_Sprite
      value: 
      objectReference: {fileID: 21300000, guid: 5059dfebb0916504e8b027d9e3f46b52,
        type: 3}
    m_RemovedComponents: []
  m_SourcePrefab: {fileID: 100100000, guid: 2a82fa30db433ea40a262a9f0bc8ddc5, type: 3}
--- !u!4 &571902707 stripped
Transform:
  m_CorrespondingSourceObject: {fileID: 8402164598561741575, guid: 2a82fa30db433ea40a262a9f0bc8ddc5,
    type: 3}
  m_PrefabInstance: {fileID: 1163679701}
  m_PrefabAsset: {fileID: 0}
--- !u!1001 &601428174
PrefabInstance:
  m_ObjectHideFlags: 0
  serializedVersion: 2
  m_Modification:
    m_TransformParent: {fileID: 1018013504}
    m_Modifications:
    - target: {fileID: 1599643071884365587, guid: 94b74fe3e90bfd145897e5d63889141c,
        type: 3}
      propertyPath: m_Name
      value: Virus (3)
      objectReference: {fileID: 0}
    - target: {fileID: 1599643071884365589, guid: 94b74fe3e90bfd145897e5d63889141c,
        type: 3}
      propertyPath: m_LocalPosition.x
      value: 38
      objectReference: {fileID: 0}
    - target: {fileID: 1599643071884365589, guid: 94b74fe3e90bfd145897e5d63889141c,
        type: 3}
      propertyPath: m_LocalPosition.y
      value: 0
      objectReference: {fileID: 0}
    - target: {fileID: 1599643071884365589, guid: 94b74fe3e90bfd145897e5d63889141c,
        type: 3}
      propertyPath: m_LocalPosition.z
      value: 0
      objectReference: {fileID: 0}
    - target: {fileID: 1599643071884365589, guid: 94b74fe3e90bfd145897e5d63889141c,
        type: 3}
      propertyPath: m_LocalRotation.x
      value: 0
      objectReference: {fileID: 0}
    - target: {fileID: 1599643071884365589, guid: 94b74fe3e90bfd145897e5d63889141c,
        type: 3}
      propertyPath: m_LocalRotation.y
      value: 0
      objectReference: {fileID: 0}
    - target: {fileID: 1599643071884365589, guid: 94b74fe3e90bfd145897e5d63889141c,
        type: 3}
      propertyPath: m_LocalRotation.z
      value: 0
      objectReference: {fileID: 0}
    - target: {fileID: 1599643071884365589, guid: 94b74fe3e90bfd145897e5d63889141c,
        type: 3}
      propertyPath: m_LocalRotation.w
      value: 1
      objectReference: {fileID: 0}
    - target: {fileID: 1599643071884365589, guid: 94b74fe3e90bfd145897e5d63889141c,
        type: 3}
      propertyPath: m_RootOrder
      value: 9
      objectReference: {fileID: 0}
    - target: {fileID: 1599643071884365589, guid: 94b74fe3e90bfd145897e5d63889141c,
        type: 3}
      propertyPath: m_LocalEulerAnglesHint.x
      value: 0
      objectReference: {fileID: 0}
    - target: {fileID: 1599643071884365589, guid: 94b74fe3e90bfd145897e5d63889141c,
        type: 3}
      propertyPath: m_LocalEulerAnglesHint.y
      value: 0
      objectReference: {fileID: 0}
    - target: {fileID: 1599643071884365589, guid: 94b74fe3e90bfd145897e5d63889141c,
        type: 3}
      propertyPath: m_LocalEulerAnglesHint.z
      value: 0
      objectReference: {fileID: 0}
    m_RemovedComponents: []
  m_SourcePrefab: {fileID: 100100000, guid: 94b74fe3e90bfd145897e5d63889141c, type: 3}
--- !u!4 &676003285 stripped
Transform:
  m_CorrespondingSourceObject: {fileID: 3308043766253021283, guid: 07bdca6bbb827594ea0dc1f78435d2e4,
    type: 3}
  m_PrefabInstance: {fileID: 76486114}
  m_PrefabAsset: {fileID: 0}
--- !u!1001 &690855948
PrefabInstance:
  m_ObjectHideFlags: 0
  serializedVersion: 2
  m_Modification:
    m_TransformParent: {fileID: 1018013504}
    m_Modifications:
    - target: {fileID: 5941874131494775951, guid: 2a82fa30db433ea40a262a9f0bc8ddc5,
        type: 3}
      propertyPath: m_Name
      value: ItemContainer
      objectReference: {fileID: 0}
    - target: {fileID: 8402164598561741575, guid: 2a82fa30db433ea40a262a9f0bc8ddc5,
        type: 3}
      propertyPath: m_LocalPosition.x
      value: 12
      objectReference: {fileID: 0}
    - target: {fileID: 8402164598561741575, guid: 2a82fa30db433ea40a262a9f0bc8ddc5,
        type: 3}
      propertyPath: m_LocalPosition.y
      value: 0
      objectReference: {fileID: 0}
    - target: {fileID: 8402164598561741575, guid: 2a82fa30db433ea40a262a9f0bc8ddc5,
        type: 3}
      propertyPath: m_LocalPosition.z
      value: 0
      objectReference: {fileID: 0}
    - target: {fileID: 8402164598561741575, guid: 2a82fa30db433ea40a262a9f0bc8ddc5,
        type: 3}
      propertyPath: m_LocalRotation.x
      value: -0
      objectReference: {fileID: 0}
    - target: {fileID: 8402164598561741575, guid: 2a82fa30db433ea40a262a9f0bc8ddc5,
        type: 3}
      propertyPath: m_LocalRotation.y
      value: -0
      objectReference: {fileID: 0}
    - target: {fileID: 8402164598561741575, guid: 2a82fa30db433ea40a262a9f0bc8ddc5,
        type: 3}
      propertyPath: m_LocalRotation.z
      value: -0
      objectReference: {fileID: 0}
    - target: {fileID: 8402164598561741575, guid: 2a82fa30db433ea40a262a9f0bc8ddc5,
        type: 3}
      propertyPath: m_LocalRotation.w
      value: 1
      objectReference: {fileID: 0}
    - target: {fileID: 8402164598561741575, guid: 2a82fa30db433ea40a262a9f0bc8ddc5,
        type: 3}
      propertyPath: m_RootOrder
      value: 5
      objectReference: {fileID: 0}
    - target: {fileID: 8402164598561741575, guid: 2a82fa30db433ea40a262a9f0bc8ddc5,
        type: 3}
      propertyPath: m_LocalEulerAnglesHint.x
      value: 0
      objectReference: {fileID: 0}
    - target: {fileID: 8402164598561741575, guid: 2a82fa30db433ea40a262a9f0bc8ddc5,
        type: 3}
      propertyPath: m_LocalEulerAnglesHint.y
      value: 0
      objectReference: {fileID: 0}
    - target: {fileID: 8402164598561741575, guid: 2a82fa30db433ea40a262a9f0bc8ddc5,
        type: 3}
      propertyPath: m_LocalEulerAnglesHint.z
      value: 0
      objectReference: {fileID: 0}
    - target: {fileID: 8435163096788399883, guid: 2a82fa30db433ea40a262a9f0bc8ddc5,
        type: 3}
      propertyPath: m_Sprite
      value: 
      objectReference: {fileID: 21300000, guid: 5c23b69b19aef584690c6de48f61836a,
        type: 3}
    m_RemovedComponents: []
  m_SourcePrefab: {fileID: 100100000, guid: 2a82fa30db433ea40a262a9f0bc8ddc5, type: 3}
--- !u!4 &692508435 stripped
Transform:
  m_CorrespondingSourceObject: {fileID: 3847473932180410802, guid: 3cc1bb1dcaf5f424eb8372bae4b3385b,
    type: 3}
  m_PrefabInstance: {fileID: 1685247949}
  m_PrefabAsset: {fileID: 0}
--- !u!1001 &710839901
PrefabInstance:
  m_ObjectHideFlags: 0
  serializedVersion: 2
  m_Modification:
    m_TransformParent: {fileID: 692508435}
    m_Modifications:
    - target: {fileID: 6578493828739118497, guid: 3e7daa69eb94e224593aa4e8a392dc9f,
        type: 3}
      propertyPath: m_Name
      value: Sink
      objectReference: {fileID: 0}
    - target: {fileID: 6578493828739118501, guid: 3e7daa69eb94e224593aa4e8a392dc9f,
        type: 3}
      propertyPath: m_LocalPosition.x
      value: 3.8
      objectReference: {fileID: 0}
    - target: {fileID: 6578493828739118501, guid: 3e7daa69eb94e224593aa4e8a392dc9f,
        type: 3}
      propertyPath: m_LocalPosition.y
      value: 0
      objectReference: {fileID: 0}
    - target: {fileID: 6578493828739118501, guid: 3e7daa69eb94e224593aa4e8a392dc9f,
        type: 3}
      propertyPath: m_LocalPosition.z
      value: 0
      objectReference: {fileID: 0}
    - target: {fileID: 6578493828739118501, guid: 3e7daa69eb94e224593aa4e8a392dc9f,
        type: 3}
      propertyPath: m_LocalRotation.x
      value: 0
      objectReference: {fileID: 0}
    - target: {fileID: 6578493828739118501, guid: 3e7daa69eb94e224593aa4e8a392dc9f,
        type: 3}
      propertyPath: m_LocalRotation.y
      value: 0
      objectReference: {fileID: 0}
    - target: {fileID: 6578493828739118501, guid: 3e7daa69eb94e224593aa4e8a392dc9f,
        type: 3}
      propertyPath: m_LocalRotation.z
      value: 0
      objectReference: {fileID: 0}
    - target: {fileID: 6578493828739118501, guid: 3e7daa69eb94e224593aa4e8a392dc9f,
        type: 3}
      propertyPath: m_LocalRotation.w
      value: 1
      objectReference: {fileID: 0}
    - target: {fileID: 6578493828739118501, guid: 3e7daa69eb94e224593aa4e8a392dc9f,
        type: 3}
      propertyPath: m_RootOrder
      value: 2
      objectReference: {fileID: 0}
    - target: {fileID: 6578493828739118501, guid: 3e7daa69eb94e224593aa4e8a392dc9f,
        type: 3}
      propertyPath: m_LocalEulerAnglesHint.x
      value: 0
      objectReference: {fileID: 0}
    - target: {fileID: 6578493828739118501, guid: 3e7daa69eb94e224593aa4e8a392dc9f,
        type: 3}
      propertyPath: m_LocalEulerAnglesHint.y
      value: 0
      objectReference: {fileID: 0}
    - target: {fileID: 6578493828739118501, guid: 3e7daa69eb94e224593aa4e8a392dc9f,
        type: 3}
      propertyPath: m_LocalEulerAnglesHint.z
      value: 0
      objectReference: {fileID: 0}
    m_RemovedComponents: []
  m_SourcePrefab: {fileID: 100100000, guid: 3e7daa69eb94e224593aa4e8a392dc9f, type: 3}
--- !u!4 &906717010 stripped
Transform:
  m_CorrespondingSourceObject: {fileID: 6116880058983412876, guid: cf6389cc28c268d4092c7072cfb9de93,
    type: 3}
  m_PrefabInstance: {fileID: 407467915}
  m_PrefabAsset: {fileID: 0}
--- !u!1 &1018013503
GameObject:
  m_ObjectHideFlags: 0
  m_CorrespondingSourceObject: {fileID: 0}
  m_PrefabInstance: {fileID: 0}
  m_PrefabAsset: {fileID: 0}
  serializedVersion: 6
  m_Component:
  - component: {fileID: 1018013504}
  m_Layer: 0
  m_Name: --- Level Elements
  m_TagString: Untagged
  m_Icon: {fileID: 0}
  m_NavMeshLayer: 0
  m_StaticEditorFlags: 0
  m_IsActive: 1
--- !u!4 &1018013504
Transform:
  m_ObjectHideFlags: 0
  m_CorrespondingSourceObject: {fileID: 0}
  m_PrefabInstance: {fileID: 0}
  m_PrefabAsset: {fileID: 0}
  m_GameObject: {fileID: 1018013503}
  m_LocalRotation: {x: 0, y: 0, z: 0, w: 1}
  m_LocalPosition: {x: 0, y: 0, z: 0}
  m_LocalScale: {x: 1, y: 1, z: 1}
  m_Children:
  - {fileID: 1843051322}
  - {fileID: 571902707}
  - {fileID: 76486116}
  - {fileID: 676003285}
  - {fileID: 68109395}
  - {fileID: 146728413}
  - {fileID: 692508435}
  - {fileID: 331654677}
  - {fileID: 1695233025}
  - {fileID: 1618251090}
  - {fileID: 906717010}
  - {fileID: 1982393801}
  m_Father: {fileID: 0}
  m_RootOrder: 1
  m_LocalEulerAnglesHint: {x: 0, y: 0, z: 0}
--- !u!4 &1020597745 stripped
Transform:
  m_CorrespondingSourceObject: {fileID: 4146743612265276040, guid: cf6389cc28c268d4092c7072cfb9de93,
    type: 3}
  m_PrefabInstance: {fileID: 407467915}
  m_PrefabAsset: {fileID: 0}
--- !u!1001 &1107015537
PrefabInstance:
  m_ObjectHideFlags: 0
  serializedVersion: 2
  m_Modification:
    m_TransformParent: {fileID: 76486116}
    m_Modifications:
    - target: {fileID: 6578493828739118497, guid: 3e7daa69eb94e224593aa4e8a392dc9f,
        type: 3}
      propertyPath: m_Name
      value: Sink
      objectReference: {fileID: 0}
    - target: {fileID: 6578493828739118501, guid: 3e7daa69eb94e224593aa4e8a392dc9f,
        type: 3}
      propertyPath: m_LocalPosition.x
      value: 2
      objectReference: {fileID: 0}
    - target: {fileID: 6578493828739118501, guid: 3e7daa69eb94e224593aa4e8a392dc9f,
        type: 3}
      propertyPath: m_LocalPosition.y
      value: 0
      objectReference: {fileID: 0}
    - target: {fileID: 6578493828739118501, guid: 3e7daa69eb94e224593aa4e8a392dc9f,
        type: 3}
      propertyPath: m_LocalPosition.z
      value: 0
      objectReference: {fileID: 0}
    - target: {fileID: 6578493828739118501, guid: 3e7daa69eb94e224593aa4e8a392dc9f,
        type: 3}
      propertyPath: m_LocalRotation.x
      value: 0
      objectReference: {fileID: 0}
    - target: {fileID: 6578493828739118501, guid: 3e7daa69eb94e224593aa4e8a392dc9f,
        type: 3}
      propertyPath: m_LocalRotation.y
      value: 0
      objectReference: {fileID: 0}
    - target: {fileID: 6578493828739118501, guid: 3e7daa69eb94e224593aa4e8a392dc9f,
        type: 3}
      propertyPath: m_LocalRotation.z
      value: 0
      objectReference: {fileID: 0}
    - target: {fileID: 6578493828739118501, guid: 3e7daa69eb94e224593aa4e8a392dc9f,
        type: 3}
      propertyPath: m_LocalRotation.w
      value: 1
      objectReference: {fileID: 0}
    - target: {fileID: 6578493828739118501, guid: 3e7daa69eb94e224593aa4e8a392dc9f,
        type: 3}
      propertyPath: m_RootOrder
      value: 1
      objectReference: {fileID: 0}
    - target: {fileID: 6578493828739118501, guid: 3e7daa69eb94e224593aa4e8a392dc9f,
        type: 3}
      propertyPath: m_LocalEulerAnglesHint.x
      value: 0
      objectReference: {fileID: 0}
    - target: {fileID: 6578493828739118501, guid: 3e7daa69eb94e224593aa4e8a392dc9f,
        type: 3}
      propertyPath: m_LocalEulerAnglesHint.y
      value: 0
      objectReference: {fileID: 0}
    - target: {fileID: 6578493828739118501, guid: 3e7daa69eb94e224593aa4e8a392dc9f,
        type: 3}
      propertyPath: m_LocalEulerAnglesHint.z
      value: 0
      objectReference: {fileID: 0}
    m_RemovedComponents: []
  m_SourcePrefab: {fileID: 100100000, guid: 3e7daa69eb94e224593aa4e8a392dc9f, type: 3}
--- !u!1001 &1163679701
PrefabInstance:
  m_ObjectHideFlags: 0
  serializedVersion: 2
  m_Modification:
    m_TransformParent: {fileID: 1018013504}
    m_Modifications:
    - target: {fileID: 5941874131494775951, guid: 2a82fa30db433ea40a262a9f0bc8ddc5,
        type: 3}
      propertyPath: m_Name
      value: ItemContainer (1)
      objectReference: {fileID: 0}
    - target: {fileID: 8402164598561741575, guid: 2a82fa30db433ea40a262a9f0bc8ddc5,
        type: 3}
      propertyPath: m_LocalPosition.x
      value: -4
      objectReference: {fileID: 0}
    - target: {fileID: 8402164598561741575, guid: 2a82fa30db433ea40a262a9f0bc8ddc5,
        type: 3}
      propertyPath: m_LocalPosition.y
      value: 0
      objectReference: {fileID: 0}
    - target: {fileID: 8402164598561741575, guid: 2a82fa30db433ea40a262a9f0bc8ddc5,
        type: 3}
      propertyPath: m_LocalPosition.z
      value: 0
      objectReference: {fileID: 0}
    - target: {fileID: 8402164598561741575, guid: 2a82fa30db433ea40a262a9f0bc8ddc5,
        type: 3}
      propertyPath: m_LocalRotation.x
      value: -0
      objectReference: {fileID: 0}
    - target: {fileID: 8402164598561741575, guid: 2a82fa30db433ea40a262a9f0bc8ddc5,
        type: 3}
      propertyPath: m_LocalRotation.y
      value: -0
      objectReference: {fileID: 0}
    - target: {fileID: 8402164598561741575, guid: 2a82fa30db433ea40a262a9f0bc8ddc5,
        type: 3}
      propertyPath: m_LocalRotation.z
      value: -0
      objectReference: {fileID: 0}
    - target: {fileID: 8402164598561741575, guid: 2a82fa30db433ea40a262a9f0bc8ddc5,
        type: 3}
      propertyPath: m_LocalRotation.w
      value: 1
      objectReference: {fileID: 0}
    - target: {fileID: 8402164598561741575, guid: 2a82fa30db433ea40a262a9f0bc8ddc5,
        type: 3}
      propertyPath: m_RootOrder
      value: 1
      objectReference: {fileID: 0}
    - target: {fileID: 8402164598561741575, guid: 2a82fa30db433ea40a262a9f0bc8ddc5,
        type: 3}
      propertyPath: m_LocalEulerAnglesHint.x
      value: 0
      objectReference: {fileID: 0}
    - target: {fileID: 8402164598561741575, guid: 2a82fa30db433ea40a262a9f0bc8ddc5,
        type: 3}
      propertyPath: m_LocalEulerAnglesHint.y
      value: 0
      objectReference: {fileID: 0}
    - target: {fileID: 8402164598561741575, guid: 2a82fa30db433ea40a262a9f0bc8ddc5,
        type: 3}
      propertyPath: m_LocalEulerAnglesHint.z
      value: 0
      objectReference: {fileID: 0}
    - target: {fileID: 8432910190606513258, guid: 2a82fa30db433ea40a262a9f0bc8ddc5,
        type: 3}
      propertyPath: _itemDefinition
      value: 
      objectReference: {fileID: 11400000, guid: c4aed17f32ab7e2459972b526c51089f,
        type: 2}
    - target: {fileID: 8435163096788399883, guid: 2a82fa30db433ea40a262a9f0bc8ddc5,
        type: 3}
      propertyPath: m_Sprite
      value: 
      objectReference: {fileID: 21300000, guid: 1c64d415a7644ae46980731b1e6bbbcf,
        type: 3}
    m_RemovedComponents: []
  m_SourcePrefab: {fileID: 100100000, guid: 2a82fa30db433ea40a262a9f0bc8ddc5, type: 3}
--- !u!1001 &1308856057
PrefabInstance:
  m_ObjectHideFlags: 0
  serializedVersion: 2
  m_Modification:
    m_TransformParent: {fileID: 1018013504}
    m_Modifications:
    - target: {fileID: 1599643071884365587, guid: 94b74fe3e90bfd145897e5d63889141c,
        type: 3}
      propertyPath: m_Name
      value: Virus (2)
      objectReference: {fileID: 0}
    - target: {fileID: 1599643071884365589, guid: 94b74fe3e90bfd145897e5d63889141c,
        type: 3}
      propertyPath: m_LocalPosition.x
      value: 25
      objectReference: {fileID: 0}
    - target: {fileID: 1599643071884365589, guid: 94b74fe3e90bfd145897e5d63889141c,
        type: 3}
      propertyPath: m_LocalPosition.y
      value: 0
      objectReference: {fileID: 0}
    - target: {fileID: 1599643071884365589, guid: 94b74fe3e90bfd145897e5d63889141c,
        type: 3}
      propertyPath: m_LocalPosition.z
      value: 0
      objectReference: {fileID: 0}
    - target: {fileID: 1599643071884365589, guid: 94b74fe3e90bfd145897e5d63889141c,
        type: 3}
      propertyPath: m_LocalRotation.x
      value: 0
      objectReference: {fileID: 0}
    - target: {fileID: 1599643071884365589, guid: 94b74fe3e90bfd145897e5d63889141c,
        type: 3}
      propertyPath: m_LocalRotation.y
      value: 0
      objectReference: {fileID: 0}
    - target: {fileID: 1599643071884365589, guid: 94b74fe3e90bfd145897e5d63889141c,
        type: 3}
      propertyPath: m_LocalRotation.z
      value: 0
      objectReference: {fileID: 0}
    - target: {fileID: 1599643071884365589, guid: 94b74fe3e90bfd145897e5d63889141c,
        type: 3}
      propertyPath: m_LocalRotation.w
      value: 1
      objectReference: {fileID: 0}
    - target: {fileID: 1599643071884365589, guid: 94b74fe3e90bfd145897e5d63889141c,
        type: 3}
      propertyPath: m_RootOrder
      value: 7
      objectReference: {fileID: 0}
    - target: {fileID: 1599643071884365589, guid: 94b74fe3e90bfd145897e5d63889141c,
        type: 3}
      propertyPath: m_LocalEulerAnglesHint.x
      value: 0
      objectReference: {fileID: 0}
    - target: {fileID: 1599643071884365589, guid: 94b74fe3e90bfd145897e5d63889141c,
        type: 3}
      propertyPath: m_LocalEulerAnglesHint.y
      value: 0
      objectReference: {fileID: 0}
    - target: {fileID: 1599643071884365589, guid: 94b74fe3e90bfd145897e5d63889141c,
        type: 3}
      propertyPath: m_LocalEulerAnglesHint.z
      value: 0
      objectReference: {fileID: 0}
    m_RemovedComponents: []
  m_SourcePrefab: {fileID: 100100000, guid: 94b74fe3e90bfd145897e5d63889141c, type: 3}
--- !u!1001 &1420637697
PrefabInstance:
  m_ObjectHideFlags: 0
  serializedVersion: 2
  m_Modification:
    m_TransformParent: {fileID: 1018013504}
    m_Modifications:
    - target: {fileID: 3847473932180410802, guid: 3cc1bb1dcaf5f424eb8372bae4b3385b,
        type: 3}
      propertyPath: m_LocalPosition.x
      value: 31
      objectReference: {fileID: 0}
    - target: {fileID: 3847473932180410802, guid: 3cc1bb1dcaf5f424eb8372bae4b3385b,
        type: 3}
      propertyPath: m_LocalPosition.y
      value: 0
      objectReference: {fileID: 0}
    - target: {fileID: 3847473932180410802, guid: 3cc1bb1dcaf5f424eb8372bae4b3385b,
        type: 3}
      propertyPath: m_LocalPosition.z
      value: 0
      objectReference: {fileID: 0}
    - target: {fileID: 3847473932180410802, guid: 3cc1bb1dcaf5f424eb8372bae4b3385b,
        type: 3}
      propertyPath: m_LocalRotation.x
      value: 0
      objectReference: {fileID: 0}
    - target: {fileID: 3847473932180410802, guid: 3cc1bb1dcaf5f424eb8372bae4b3385b,
        type: 3}
      propertyPath: m_LocalRotation.y
      value: 0
      objectReference: {fileID: 0}
    - target: {fileID: 3847473932180410802, guid: 3cc1bb1dcaf5f424eb8372bae4b3385b,
        type: 3}
      propertyPath: m_LocalRotation.z
      value: 0
      objectReference: {fileID: 0}
    - target: {fileID: 3847473932180410802, guid: 3cc1bb1dcaf5f424eb8372bae4b3385b,
        type: 3}
      propertyPath: m_LocalRotation.w
      value: 1
      objectReference: {fileID: 0}
    - target: {fileID: 3847473932180410802, guid: 3cc1bb1dcaf5f424eb8372bae4b3385b,
        type: 3}
      propertyPath: m_RootOrder
      value: 8
      objectReference: {fileID: 0}
    - target: {fileID: 3847473932180410802, guid: 3cc1bb1dcaf5f424eb8372bae4b3385b,
        type: 3}
      propertyPath: m_LocalEulerAnglesHint.x
      value: 0
      objectReference: {fileID: 0}
    - target: {fileID: 3847473932180410802, guid: 3cc1bb1dcaf5f424eb8372bae4b3385b,
        type: 3}
      propertyPath: m_LocalEulerAnglesHint.y
      value: 0
      objectReference: {fileID: 0}
    - target: {fileID: 3847473932180410802, guid: 3cc1bb1dcaf5f424eb8372bae4b3385b,
        type: 3}
      propertyPath: m_LocalEulerAnglesHint.z
      value: 0
      objectReference: {fileID: 0}
    - target: {fileID: 5775523129757750582, guid: 3cc1bb1dcaf5f424eb8372bae4b3385b,
        type: 3}
      propertyPath: m_Name
      value: Bakery (2)
      objectReference: {fileID: 0}
    m_RemovedComponents: []
  m_SourcePrefab: {fileID: 100100000, guid: 3cc1bb1dcaf5f424eb8372bae4b3385b, type: 3}
--- !u!1001 &1487724295
PrefabInstance:
  m_ObjectHideFlags: 0
  serializedVersion: 2
  m_Modification:
    m_TransformParent: {fileID: 1018013504}
    m_Modifications:
    - target: {fileID: 1599643071884365587, guid: 94b74fe3e90bfd145897e5d63889141c,
        type: 3}
      propertyPath: m_Name
      value: Virus (1)
      objectReference: {fileID: 0}
    - target: {fileID: 1599643071884365589, guid: 94b74fe3e90bfd145897e5d63889141c,
        type: 3}
      propertyPath: m_LocalPosition.x
      value: 8
      objectReference: {fileID: 0}
    - target: {fileID: 1599643071884365589, guid: 94b74fe3e90bfd145897e5d63889141c,
        type: 3}
      propertyPath: m_LocalPosition.y
      value: 0
      objectReference: {fileID: 0}
    - target: {fileID: 1599643071884365589, guid: 94b74fe3e90bfd145897e5d63889141c,
        type: 3}
      propertyPath: m_LocalPosition.z
      value: 0
      objectReference: {fileID: 0}
    - target: {fileID: 1599643071884365589, guid: 94b74fe3e90bfd145897e5d63889141c,
        type: 3}
      propertyPath: m_LocalRotation.x
      value: 0
      objectReference: {fileID: 0}
    - target: {fileID: 1599643071884365589, guid: 94b74fe3e90bfd145897e5d63889141c,
        type: 3}
      propertyPath: m_LocalRotation.y
      value: 0
      objectReference: {fileID: 0}
    - target: {fileID: 1599643071884365589, guid: 94b74fe3e90bfd145897e5d63889141c,
        type: 3}
      propertyPath: m_LocalRotation.z
      value: 0
      objectReference: {fileID: 0}
    - target: {fileID: 1599643071884365589, guid: 94b74fe3e90bfd145897e5d63889141c,
        type: 3}
      propertyPath: m_LocalRotation.w
      value: 1
      objectReference: {fileID: 0}
    - target: {fileID: 1599643071884365589, guid: 94b74fe3e90bfd145897e5d63889141c,
        type: 3}
      propertyPath: m_RootOrder
      value: 4
      objectReference: {fileID: 0}
    - target: {fileID: 1599643071884365589, guid: 94b74fe3e90bfd145897e5d63889141c,
        type: 3}
      propertyPath: m_LocalEulerAnglesHint.x
      value: 0
      objectReference: {fileID: 0}
    - target: {fileID: 1599643071884365589, guid: 94b74fe3e90bfd145897e5d63889141c,
        type: 3}
      propertyPath: m_LocalEulerAnglesHint.y
      value: 0
      objectReference: {fileID: 0}
    - target: {fileID: 1599643071884365589, guid: 94b74fe3e90bfd145897e5d63889141c,
        type: 3}
      propertyPath: m_LocalEulerAnglesHint.z
      value: 0
      objectReference: {fileID: 0}
    m_RemovedComponents: []
  m_SourcePrefab: {fileID: 100100000, guid: 94b74fe3e90bfd145897e5d63889141c, type: 3}
--- !u!1001 &1510742609
PrefabInstance:
  m_ObjectHideFlags: 0
  serializedVersion: 2
  m_Modification:
    m_TransformParent: {fileID: 1018013504}
    m_Modifications:
    - target: {fileID: 385594180519869942, guid: dce55e2429f81584cbec8136b3ffdc49,
        type: 3}
      propertyPath: m_AnchorMin.y
      value: 0
      objectReference: {fileID: 0}
    - target: {fileID: 385594180519869942, guid: dce55e2429f81584cbec8136b3ffdc49,
        type: 3}
      propertyPath: m_AnchorMax.y
      value: 0
      objectReference: {fileID: 0}
    - target: {fileID: 385594180519869942, guid: dce55e2429f81584cbec8136b3ffdc49,
        type: 3}
      propertyPath: m_AnchoredPosition.x
      value: 0
      objectReference: {fileID: 0}
    - target: {fileID: 385594180519869942, guid: dce55e2429f81584cbec8136b3ffdc49,
        type: 3}
      propertyPath: m_AnchoredPosition.y
      value: 0
      objectReference: {fileID: 0}
    - target: {fileID: 385594180519869942, guid: dce55e2429f81584cbec8136b3ffdc49,
        type: 3}
      propertyPath: m_SizeDelta.y
      value: 0
      objectReference: {fileID: 0}
    - target: {fileID: 708596415320671669, guid: dce55e2429f81584cbec8136b3ffdc49,
        type: 3}
      propertyPath: m_RootOrder
      value: 0
      objectReference: {fileID: 0}
    - target: {fileID: 976870970164623083, guid: dce55e2429f81584cbec8136b3ffdc49,
        type: 3}
      propertyPath: m_IsActive
      value: 1
      objectReference: {fileID: 0}
    - target: {fileID: 1190609848376372130, guid: dce55e2429f81584cbec8136b3ffdc49,
        type: 3}
      propertyPath: m_Enabled
      value: 0
      objectReference: {fileID: 0}
    - target: {fileID: 3309996319469429708, guid: dce55e2429f81584cbec8136b3ffdc49,
        type: 3}
      propertyPath: _itemDefinition
      value: 
      objectReference: {fileID: 11400000, guid: 3bffeebee15c57942af4391cc31005ae,
        type: 2}
    - target: {fileID: 4236715195368278299, guid: dce55e2429f81584cbec8136b3ffdc49,
        type: 3}
      propertyPath: m_Sprite
      value: 
      objectReference: {fileID: 21300000, guid: 7cf34978ac0d4634a8ddca9e93ae080c,
        type: 3}
    - target: {fileID: 4744021362312428299, guid: dce55e2429f81584cbec8136b3ffdc49,
        type: 3}
      propertyPath: m_LocalPosition.x
      value: 0
      objectReference: {fileID: 0}
    - target: {fileID: 4744021362312428299, guid: dce55e2429f81584cbec8136b3ffdc49,
        type: 3}
      propertyPath: m_LocalPosition.y
      value: 0
      objectReference: {fileID: 0}
    - target: {fileID: 4744021362312428299, guid: dce55e2429f81584cbec8136b3ffdc49,
        type: 3}
      propertyPath: m_LocalPosition.z
      value: 0
      objectReference: {fileID: 0}
    - target: {fileID: 4744021362312428299, guid: dce55e2429f81584cbec8136b3ffdc49,
        type: 3}
      propertyPath: m_LocalRotation.x
      value: -0
      objectReference: {fileID: 0}
    - target: {fileID: 4744021362312428299, guid: dce55e2429f81584cbec8136b3ffdc49,
        type: 3}
      propertyPath: m_LocalRotation.y
      value: -0
      objectReference: {fileID: 0}
    - target: {fileID: 4744021362312428299, guid: dce55e2429f81584cbec8136b3ffdc49,
        type: 3}
      propertyPath: m_LocalRotation.z
      value: -0
      objectReference: {fileID: 0}
    - target: {fileID: 4744021362312428299, guid: dce55e2429f81584cbec8136b3ffdc49,
        type: 3}
      propertyPath: m_LocalRotation.w
      value: 1
      objectReference: {fileID: 0}
    - target: {fileID: 4744021362312428299, guid: dce55e2429f81584cbec8136b3ffdc49,
        type: 3}
      propertyPath: m_RootOrder
      value: 2
      objectReference: {fileID: 0}
    - target: {fileID: 4744021362312428299, guid: dce55e2429f81584cbec8136b3ffdc49,
        type: 3}
      propertyPath: m_LocalEulerAnglesHint.x
      value: 0
      objectReference: {fileID: 0}
    - target: {fileID: 4744021362312428299, guid: dce55e2429f81584cbec8136b3ffdc49,
        type: 3}
      propertyPath: m_LocalEulerAnglesHint.y
      value: 0
      objectReference: {fileID: 0}
    - target: {fileID: 4744021362312428299, guid: dce55e2429f81584cbec8136b3ffdc49,
        type: 3}
      propertyPath: m_LocalEulerAnglesHint.z
      value: 0
      objectReference: {fileID: 0}
    - target: {fileID: 4744021362312428301, guid: dce55e2429f81584cbec8136b3ffdc49,
        type: 3}
      propertyPath: m_Name
      value: Home
      objectReference: {fileID: 0}
    - target: {fileID: 5190277012826688067, guid: dce55e2429f81584cbec8136b3ffdc49,
        type: 3}
      propertyPath: m_AnchorMin.y
      value: 0
      objectReference: {fileID: 0}
    - target: {fileID: 5190277012826688067, guid: dce55e2429f81584cbec8136b3ffdc49,
        type: 3}
      propertyPath: m_AnchorMax.y
      value: 0
      objectReference: {fileID: 0}
    - target: {fileID: 5190277012826688067, guid: dce55e2429f81584cbec8136b3ffdc49,
        type: 3}
      propertyPath: m_AnchoredPosition.x
      value: 0
      objectReference: {fileID: 0}
    - target: {fileID: 5190277012826688067, guid: dce55e2429f81584cbec8136b3ffdc49,
        type: 3}
      propertyPath: m_AnchoredPosition.y
      value: 0
      objectReference: {fileID: 0}
    - target: {fileID: 5190277012826688067, guid: dce55e2429f81584cbec8136b3ffdc49,
        type: 3}
      propertyPath: m_SizeDelta.y
      value: 0
      objectReference: {fileID: 0}
    - target: {fileID: 6584274469124337685, guid: dce55e2429f81584cbec8136b3ffdc49,
        type: 3}
      propertyPath: m_Sprite
      value: 
      objectReference: {fileID: 21300000, guid: 5561945833cfd314494441f143bddca5,
        type: 3}
    - target: {fileID: 6602936662193409667, guid: dce55e2429f81584cbec8136b3ffdc49,
        type: 3}
      propertyPath: m_LocalPosition.x
      value: -0.61
      objectReference: {fileID: 0}
    - target: {fileID: 6602936662193409667, guid: dce55e2429f81584cbec8136b3ffdc49,
        type: 3}
      propertyPath: m_LocalPosition.y
      value: 0.1
      objectReference: {fileID: 0}
    - target: {fileID: 7788110971195863299, guid: dce55e2429f81584cbec8136b3ffdc49,
        type: 3}
      propertyPath: m_SizeDelta.x
      value: 0
      objectReference: {fileID: 0}
    - target: {fileID: 8726113841706156946, guid: dce55e2429f81584cbec8136b3ffdc49,
        type: 3}
      propertyPath: m_RootOrder
      value: 2
      objectReference: {fileID: 0}
    m_RemovedComponents: []
  m_SourcePrefab: {fileID: 100100000, guid: dce55e2429f81584cbec8136b3ffdc49, type: 3}
--- !u!4 &1618251090 stripped
Transform:
  m_CorrespondingSourceObject: {fileID: 1599643071884365589, guid: 94b74fe3e90bfd145897e5d63889141c,
    type: 3}
  m_PrefabInstance: {fileID: 601428174}
  m_PrefabAsset: {fileID: 0}
--- !u!1001 &1685247949
PrefabInstance:
  m_ObjectHideFlags: 0
  serializedVersion: 2
  m_Modification:
    m_TransformParent: {fileID: 1018013504}
    m_Modifications:
    - target: {fileID: 3847473932180410802, guid: 3cc1bb1dcaf5f424eb8372bae4b3385b,
        type: 3}
      propertyPath: m_LocalPosition.x
      value: 18
      objectReference: {fileID: 0}
    - target: {fileID: 3847473932180410802, guid: 3cc1bb1dcaf5f424eb8372bae4b3385b,
        type: 3}
      propertyPath: m_LocalPosition.y
      value: 0
      objectReference: {fileID: 0}
    - target: {fileID: 3847473932180410802, guid: 3cc1bb1dcaf5f424eb8372bae4b3385b,
        type: 3}
      propertyPath: m_LocalPosition.z
      value: 0
      objectReference: {fileID: 0}
    - target: {fileID: 3847473932180410802, guid: 3cc1bb1dcaf5f424eb8372bae4b3385b,
        type: 3}
      propertyPath: m_LocalRotation.x
      value: 0
      objectReference: {fileID: 0}
    - target: {fileID: 3847473932180410802, guid: 3cc1bb1dcaf5f424eb8372bae4b3385b,
        type: 3}
      propertyPath: m_LocalRotation.y
      value: 0
      objectReference: {fileID: 0}
    - target: {fileID: 3847473932180410802, guid: 3cc1bb1dcaf5f424eb8372bae4b3385b,
        type: 3}
      propertyPath: m_LocalRotation.z
      value: 0
      objectReference: {fileID: 0}
    - target: {fileID: 3847473932180410802, guid: 3cc1bb1dcaf5f424eb8372bae4b3385b,
        type: 3}
      propertyPath: m_LocalRotation.w
      value: 1
      objectReference: {fileID: 0}
    - target: {fileID: 3847473932180410802, guid: 3cc1bb1dcaf5f424eb8372bae4b3385b,
        type: 3}
      propertyPath: m_RootOrder
      value: 6
      objectReference: {fileID: 0}
    - target: {fileID: 3847473932180410802, guid: 3cc1bb1dcaf5f424eb8372bae4b3385b,
        type: 3}
      propertyPath: m_LocalEulerAnglesHint.x
      value: 0
      objectReference: {fileID: 0}
    - target: {fileID: 3847473932180410802, guid: 3cc1bb1dcaf5f424eb8372bae4b3385b,
        type: 3}
      propertyPath: m_LocalEulerAnglesHint.y
      value: 0
      objectReference: {fileID: 0}
    - target: {fileID: 3847473932180410802, guid: 3cc1bb1dcaf5f424eb8372bae4b3385b,
        type: 3}
      propertyPath: m_LocalEulerAnglesHint.z
      value: 0
      objectReference: {fileID: 0}
    - target: {fileID: 5775523129757750582, guid: 3cc1bb1dcaf5f424eb8372bae4b3385b,
        type: 3}
      propertyPath: m_Name
      value: Bakery (1)
      objectReference: {fileID: 0}
    m_RemovedComponents: []
  m_SourcePrefab: {fileID: 100100000, guid: 3cc1bb1dcaf5f424eb8372bae4b3385b, type: 3}
--- !u!4 &1695233025 stripped
Transform:
  m_CorrespondingSourceObject: {fileID: 3847473932180410802, guid: 3cc1bb1dcaf5f424eb8372bae4b3385b,
    type: 3}
  m_PrefabInstance: {fileID: 1420637697}
  m_PrefabAsset: {fileID: 0}
--- !u!1001 &1732412597
PrefabInstance:
  m_ObjectHideFlags: 0
  serializedVersion: 2
  m_Modification:
    m_TransformParent: {fileID: 1695233025}
    m_Modifications:
    - target: {fileID: 5941874131494775951, guid: 2a82fa30db433ea40a262a9f0bc8ddc5,
        type: 3}
      propertyPath: m_Name
      value: ItemContainer
      objectReference: {fileID: 0}
    - target: {fileID: 8402164598561741575, guid: 2a82fa30db433ea40a262a9f0bc8ddc5,
        type: 3}
      propertyPath: m_LocalPosition.x
      value: 0
      objectReference: {fileID: 0}
    - target: {fileID: 8402164598561741575, guid: 2a82fa30db433ea40a262a9f0bc8ddc5,
        type: 3}
      propertyPath: m_LocalPosition.y
      value: 0
      objectReference: {fileID: 0}
    - target: {fileID: 8402164598561741575, guid: 2a82fa30db433ea40a262a9f0bc8ddc5,
        type: 3}
      propertyPath: m_LocalPosition.z
      value: 0
      objectReference: {fileID: 0}
    - target: {fileID: 8402164598561741575, guid: 2a82fa30db433ea40a262a9f0bc8ddc5,
        type: 3}
      propertyPath: m_LocalRotation.x
      value: -0
      objectReference: {fileID: 0}
    - target: {fileID: 8402164598561741575, guid: 2a82fa30db433ea40a262a9f0bc8ddc5,
        type: 3}
      propertyPath: m_LocalRotation.y
      value: -0
      objectReference: {fileID: 0}
    - target: {fileID: 8402164598561741575, guid: 2a82fa30db433ea40a262a9f0bc8ddc5,
        type: 3}
      propertyPath: m_LocalRotation.z
      value: -0
      objectReference: {fileID: 0}
    - target: {fileID: 8402164598561741575, guid: 2a82fa30db433ea40a262a9f0bc8ddc5,
        type: 3}
      propertyPath: m_LocalRotation.w
      value: 1
      objectReference: {fileID: 0}
    - target: {fileID: 8402164598561741575, guid: 2a82fa30db433ea40a262a9f0bc8ddc5,
        type: 3}
      propertyPath: m_RootOrder
      value: 1
      objectReference: {fileID: 0}
    - target: {fileID: 8402164598561741575, guid: 2a82fa30db433ea40a262a9f0bc8ddc5,
        type: 3}
      propertyPath: m_LocalEulerAnglesHint.x
      value: 0
      objectReference: {fileID: 0}
    - target: {fileID: 8402164598561741575, guid: 2a82fa30db433ea40a262a9f0bc8ddc5,
        type: 3}
      propertyPath: m_LocalEulerAnglesHint.y
      value: 0
      objectReference: {fileID: 0}
    - target: {fileID: 8402164598561741575, guid: 2a82fa30db433ea40a262a9f0bc8ddc5,
        type: 3}
      propertyPath: m_LocalEulerAnglesHint.z
      value: 0
      objectReference: {fileID: 0}
    - target: {fileID: 8432910190606513258, guid: 2a82fa30db433ea40a262a9f0bc8ddc5,
        type: 3}
      propertyPath: _itemDefinition
      value: 
      objectReference: {fileID: 11400000, guid: db5b1d4ba531bad4986b09056d4fbff7,
        type: 2}
    - target: {fileID: 8435163096788399883, guid: 2a82fa30db433ea40a262a9f0bc8ddc5,
        type: 3}
      propertyPath: m_Sprite
      value: 
      objectReference: {fileID: 21300000, guid: 95f6039464d304c4f94170db5544182a,
        type: 3}
    - target: {fileID: 8890420341233605385, guid: 2a82fa30db433ea40a262a9f0bc8ddc5,
        type: 3}
      propertyPath: m_LocalPosition.y
      value: 1.5
      objectReference: {fileID: 0}
    m_RemovedComponents: []
  m_SourcePrefab: {fileID: 100100000, guid: 2a82fa30db433ea40a262a9f0bc8ddc5, type: 3}
--- !u!1001 &1773335239
PrefabInstance:
  m_ObjectHideFlags: 0
  serializedVersion: 2
  m_Modification:
    m_TransformParent: {fileID: 0}
    m_Modifications:
    - target: {fileID: 1566169944981463276, guid: 503186f6c60e8d648970f7d6d459dbf9,
        type: 3}
      propertyPath: m_LocalPosition.x
      value: 0
      objectReference: {fileID: 0}
    - target: {fileID: 1566169944981463276, guid: 503186f6c60e8d648970f7d6d459dbf9,
        type: 3}
      propertyPath: m_LocalPosition.y
      value: 0
      objectReference: {fileID: 0}
    - target: {fileID: 1566169944981463276, guid: 503186f6c60e8d648970f7d6d459dbf9,
        type: 3}
      propertyPath: m_LocalPosition.z
      value: 0
      objectReference: {fileID: 0}
    - target: {fileID: 1566169944981463276, guid: 503186f6c60e8d648970f7d6d459dbf9,
        type: 3}
      propertyPath: m_LocalRotation.x
      value: 0
      objectReference: {fileID: 0}
    - target: {fileID: 1566169944981463276, guid: 503186f6c60e8d648970f7d6d459dbf9,
        type: 3}
      propertyPath: m_LocalRotation.y
      value: 0
      objectReference: {fileID: 0}
    - target: {fileID: 1566169944981463276, guid: 503186f6c60e8d648970f7d6d459dbf9,
        type: 3}
      propertyPath: m_LocalRotation.z
      value: 0
      objectReference: {fileID: 0}
    - target: {fileID: 1566169944981463276, guid: 503186f6c60e8d648970f7d6d459dbf9,
        type: 3}
      propertyPath: m_LocalRotation.w
      value: 1
      objectReference: {fileID: 0}
    - target: {fileID: 1566169944981463276, guid: 503186f6c60e8d648970f7d6d459dbf9,
        type: 3}
      propertyPath: m_RootOrder
      value: 0
      objectReference: {fileID: 0}
    - target: {fileID: 1566169944981463276, guid: 503186f6c60e8d648970f7d6d459dbf9,
        type: 3}
      propertyPath: m_LocalEulerAnglesHint.x
      value: 0
      objectReference: {fileID: 0}
    - target: {fileID: 1566169944981463276, guid: 503186f6c60e8d648970f7d6d459dbf9,
        type: 3}
      propertyPath: m_LocalEulerAnglesHint.y
      value: 0
      objectReference: {fileID: 0}
    - target: {fileID: 1566169944981463276, guid: 503186f6c60e8d648970f7d6d459dbf9,
        type: 3}
      propertyPath: m_LocalEulerAnglesHint.z
      value: 0
      objectReference: {fileID: 0}
    - target: {fileID: 1566169944981463279, guid: 503186f6c60e8d648970f7d6d459dbf9,
        type: 3}
      propertyPath: m_Name
      value: --- Level Manager
      objectReference: {fileID: 0}
    - target: {fileID: 7125507532560033366, guid: 503186f6c60e8d648970f7d6d459dbf9,
        type: 3}
      propertyPath: m_Name
      value: LevelStartEvent
      objectReference: {fileID: 0}
    m_RemovedComponents: []
  m_SourcePrefab: {fileID: 100100000, guid: 503186f6c60e8d648970f7d6d459dbf9, type: 3}
--- !u!1001 &1843051321
PrefabInstance:
  m_ObjectHideFlags: 0
  serializedVersion: 2
  m_Modification:
    m_TransformParent: {fileID: 1018013504}
    m_Modifications:
    - target: {fileID: 1363276235898799473, guid: 8eb2cfb5be8b2e04ea19873a813dd6c3,
        type: 3}
      propertyPath: m_LocalPosition.x
      value: -6.5
      objectReference: {fileID: 0}
    - target: {fileID: 1363276235898799473, guid: 8eb2cfb5be8b2e04ea19873a813dd6c3,
        type: 3}
      propertyPath: m_LocalPosition.y
      value: 1
      objectReference: {fileID: 0}
    - target: {fileID: 1363276235898799473, guid: 8eb2cfb5be8b2e04ea19873a813dd6c3,
        type: 3}
      propertyPath: m_LocalPosition.z
      value: 0
      objectReference: {fileID: 0}
    - target: {fileID: 1363276235898799473, guid: 8eb2cfb5be8b2e04ea19873a813dd6c3,
        type: 3}
      propertyPath: m_LocalRotation.x
      value: -0
      objectReference: {fileID: 0}
    - target: {fileID: 1363276235898799473, guid: 8eb2cfb5be8b2e04ea19873a813dd6c3,
        type: 3}
      propertyPath: m_LocalRotation.y
      value: -0
      objectReference: {fileID: 0}
    - target: {fileID: 1363276235898799473, guid: 8eb2cfb5be8b2e04ea19873a813dd6c3,
        type: 3}
      propertyPath: m_LocalRotation.z
      value: -0
      objectReference: {fileID: 0}
    - target: {fileID: 1363276235898799473, guid: 8eb2cfb5be8b2e04ea19873a813dd6c3,
        type: 3}
      propertyPath: m_LocalRotation.w
      value: 1
      objectReference: {fileID: 0}
    - target: {fileID: 1363276235898799473, guid: 8eb2cfb5be8b2e04ea19873a813dd6c3,
        type: 3}
      propertyPath: m_RootOrder
      value: 0
      objectReference: {fileID: 0}
    - target: {fileID: 1363276235898799473, guid: 8eb2cfb5be8b2e04ea19873a813dd6c3,
        type: 3}
      propertyPath: m_LocalEulerAnglesHint.x
      value: 0
      objectReference: {fileID: 0}
    - target: {fileID: 1363276235898799473, guid: 8eb2cfb5be8b2e04ea19873a813dd6c3,
        type: 3}
      propertyPath: m_LocalEulerAnglesHint.y
      value: 0
      objectReference: {fileID: 0}
    - target: {fileID: 1363276235898799473, guid: 8eb2cfb5be8b2e04ea19873a813dd6c3,
        type: 3}
      propertyPath: m_LocalEulerAnglesHint.z
      value: 0
      objectReference: {fileID: 0}
    - target: {fileID: 1363276235898799486, guid: 8eb2cfb5be8b2e04ea19873a813dd6c3,
        type: 3}
      propertyPath: m_Name
      value: Border Left
      objectReference: {fileID: 0}
    m_RemovedComponents: []
  m_SourcePrefab: {fileID: 100100000, guid: 8eb2cfb5be8b2e04ea19873a813dd6c3, type: 3}
--- !u!4 &1843051322 stripped
Transform:
  m_CorrespondingSourceObject: {fileID: 1363276235898799473, guid: 8eb2cfb5be8b2e04ea19873a813dd6c3,
    type: 3}
  m_PrefabInstance: {fileID: 1843051321}
  m_PrefabAsset: {fileID: 0}
--- !u!1001 &1982393800
PrefabInstance:
  m_ObjectHideFlags: 0
  serializedVersion: 2
  m_Modification:
    m_TransformParent: {fileID: 1018013504}
    m_Modifications:
    - target: {fileID: 33367039971965068, guid: d0ee6f28281617f4193a4ab9c7d40b65,
        type: 3}
      propertyPath: m_Name
      value: Border Right
      objectReference: {fileID: 0}
    - target: {fileID: 33367039971965071, guid: d0ee6f28281617f4193a4ab9c7d40b65,
        type: 3}
      propertyPath: m_LocalPosition.x
      value: 65
      objectReference: {fileID: 0}
    - target: {fileID: 33367039971965071, guid: d0ee6f28281617f4193a4ab9c7d40b65,
        type: 3}
      propertyPath: m_LocalPosition.y
      value: 1
      objectReference: {fileID: 0}
    - target: {fileID: 33367039971965071, guid: d0ee6f28281617f4193a4ab9c7d40b65,
        type: 3}
      propertyPath: m_LocalPosition.z
      value: 0
      objectReference: {fileID: 0}
    - target: {fileID: 33367039971965071, guid: d0ee6f28281617f4193a4ab9c7d40b65,
        type: 3}
      propertyPath: m_LocalRotation.x
      value: -0
      objectReference: {fileID: 0}
    - target: {fileID: 33367039971965071, guid: d0ee6f28281617f4193a4ab9c7d40b65,
        type: 3}
      propertyPath: m_LocalRotation.y
      value: -0
      objectReference: {fileID: 0}
    - target: {fileID: 33367039971965071, guid: d0ee6f28281617f4193a4ab9c7d40b65,
        type: 3}
      propertyPath: m_LocalRotation.z
      value: -0
      objectReference: {fileID: 0}
    - target: {fileID: 33367039971965071, guid: d0ee6f28281617f4193a4ab9c7d40b65,
        type: 3}
      propertyPath: m_LocalRotation.w
      value: 1
      objectReference: {fileID: 0}
    - target: {fileID: 33367039971965071, guid: d0ee6f28281617f4193a4ab9c7d40b65,
        type: 3}
      propertyPath: m_RootOrder
      value: 11
      objectReference: {fileID: 0}
    - target: {fileID: 33367039971965071, guid: d0ee6f28281617f4193a4ab9c7d40b65,
        type: 3}
      propertyPath: m_LocalEulerAnglesHint.x
      value: 0
      objectReference: {fileID: 0}
    - target: {fileID: 33367039971965071, guid: d0ee6f28281617f4193a4ab9c7d40b65,
        type: 3}
      propertyPath: m_LocalEulerAnglesHint.y
      value: 0
      objectReference: {fileID: 0}
    - target: {fileID: 33367039971965071, guid: d0ee6f28281617f4193a4ab9c7d40b65,
        type: 3}
      propertyPath: m_LocalEulerAnglesHint.z
      value: 0
      objectReference: {fileID: 0}
    m_RemovedComponents: []
  m_SourcePrefab: {fileID: 100100000, guid: d0ee6f28281617f4193a4ab9c7d40b65, type: 3}
--- !u!4 &1982393801 stripped
Transform:
  m_CorrespondingSourceObject: {fileID: 33367039971965071, guid: d0ee6f28281617f4193a4ab9c7d40b65,
    type: 3}
  m_PrefabInstance: {fileID: 1982393800}
  m_PrefabAsset: {fileID: 0}
--- !u!1001 &2022206837
PrefabInstance:
  m_ObjectHideFlags: 0
  serializedVersion: 2
  m_Modification:
    m_TransformParent: {fileID: 692508435}
    m_Modifications:
    - target: {fileID: 5941874131494775951, guid: 2a82fa30db433ea40a262a9f0bc8ddc5,
        type: 3}
      propertyPath: m_Name
      value: ItemContainer
      objectReference: {fileID: 0}
    - target: {fileID: 8402164598561741575, guid: 2a82fa30db433ea40a262a9f0bc8ddc5,
        type: 3}
      propertyPath: m_LocalPosition.x
      value: 0
      objectReference: {fileID: 0}
    - target: {fileID: 8402164598561741575, guid: 2a82fa30db433ea40a262a9f0bc8ddc5,
        type: 3}
      propertyPath: m_LocalPosition.y
      value: 1.5
      objectReference: {fileID: 0}
    - target: {fileID: 8402164598561741575, guid: 2a82fa30db433ea40a262a9f0bc8ddc5,
        type: 3}
      propertyPath: m_LocalPosition.z
      value: 0
      objectReference: {fileID: 0}
    - target: {fileID: 8402164598561741575, guid: 2a82fa30db433ea40a262a9f0bc8ddc5,
        type: 3}
      propertyPath: m_LocalRotation.x
      value: -0
      objectReference: {fileID: 0}
    - target: {fileID: 8402164598561741575, guid: 2a82fa30db433ea40a262a9f0bc8ddc5,
        type: 3}
      propertyPath: m_LocalRotation.y
      value: -0
      objectReference: {fileID: 0}
    - target: {fileID: 8402164598561741575, guid: 2a82fa30db433ea40a262a9f0bc8ddc5,
        type: 3}
      propertyPath: m_LocalRotation.z
      value: -0
      objectReference: {fileID: 0}
    - target: {fileID: 8402164598561741575, guid: 2a82fa30db433ea40a262a9f0bc8ddc5,
        type: 3}
      propertyPath: m_LocalRotation.w
      value: 1
      objectReference: {fileID: 0}
    - target: {fileID: 8402164598561741575, guid: 2a82fa30db433ea40a262a9f0bc8ddc5,
        type: 3}
      propertyPath: m_RootOrder
      value: 1
      objectReference: {fileID: 0}
    - target: {fileID: 8402164598561741575, guid: 2a82fa30db433ea40a262a9f0bc8ddc5,
        type: 3}
      propertyPath: m_LocalEulerAnglesHint.x
      value: 0
      objectReference: {fileID: 0}
    - target: {fileID: 8402164598561741575, guid: 2a82fa30db433ea40a262a9f0bc8ddc5,
        type: 3}
      propertyPath: m_LocalEulerAnglesHint.y
      value: 0
      objectReference: {fileID: 0}
    - target: {fileID: 8402164598561741575, guid: 2a82fa30db433ea40a262a9f0bc8ddc5,
        type: 3}
      propertyPath: m_LocalEulerAnglesHint.z
      value: 0
      objectReference: {fileID: 0}
    - target: {fileID: 8432910190606513258, guid: 2a82fa30db433ea40a262a9f0bc8ddc5,
        type: 3}
      propertyPath: _itemDefinition
      value: 
      objectReference: {fileID: 11400000, guid: 3993b70821577f54dac64695d399f55f,
        type: 2}
    - target: {fileID: 8435163096788399883, guid: 2a82fa30db433ea40a262a9f0bc8ddc5,
        type: 3}
      propertyPath: m_Sprite
      value: 
      objectReference: {fileID: 21300000, guid: e937b1ef5ad0d3e4d98a7024aad90a0b,
        type: 3}
    m_RemovedComponents: []
  m_SourcePrefab: {fileID: 100100000, guid: 2a82fa30db433ea40a262a9f0bc8ddc5, type: 3}
